3134 4984
1240 299 1290 356 roa
1363 369 1367 378 ‚

179 473 275 543 θεσις
297 469 330 532 et
347 460 482 540 ἓκθεσις
499 469 556 528 τοῦ
579 459 742 549 δράματος
763 462 796 528 id
816 465 864 529 eet
885 461 1012 527 initium
1034 462 1066 527 et
1094 462 1194 528 exitus
1217 460 1290 527 dra·

180 573 297 655 matis).
340 571 447 655 itaque
470 589 542 635 cum
562 569 595 633 in
617 567 777 634 veteribus
804 566 932 633 scholiis
955 565 1071 651 ubique
1102 565 1180 632 nihil
1201 566 1298 651 legas

179 680 231 743 tur
261 675 323 740 nisi
353 668 503 749 εἴσδεσις
528 668 575 749 εἷς
599 691 625 737 e.
648 691 712 737 ace.
745 676 801 737 aut
838 667 871 735 ἕν
898 667 1046 750 ἐκθέσει,
1091 670 1172 753 quod
1205 669 1290 736 idem

180 780 353 865 significat,
387 778 420 842 iu
449 777 674 842 recentioribus
701 777 884 860 plerumque
916 795 1024 840 casum
1053 775 1227 859 genitivum
1250 774 1289 839 ab

179 886 240 950 hac
255 903 331 949 voce
354 901 540 967 suspensum
563 882 721 959 videmus,
748 880 801 965 qui
822 879 877 945 ubi
899 878 1035 945 traditur
1056 880 1090 944 in
1106 879 1289 962 antiquiori-

179 989 238 1053 bus
260 984 466 1053 removendus
488 988 550 1062 est,
574 985 713 1051 velutin
736 984 833 1049 schol.
855 1003 922 1068 pac.
940 982 1033 1049 3831.

267 1091 328 1157 Sed
349 1090 411 1155 alia
432 1089 590 1173 permulta
614 1089 767 1155 accedunt
780 1089 864 1155 inter
879 1090 988 1154 vetera
1003 1088 1121 1154 scholia
1137 1090 1169 1152 at
1183 1090 1289 1172 poste-

180 1196 271 1263 rioris
293 1194 444 1278 temporis
467 1193 664 1272 discrimina,
687 1211 767 1276 quae
787 1193 928 1258 breviter
951 1191 1105 1276 explicare
1119 1192 1185 1257 ianr
1200 1191 1289 1257 nobis

179 1300 374 1387 propositum
397 1299 453 1364 est.
499 1318 571 1362 cum
593 1298 626 1361 in
651 1297 778 1363 scholiis
800 1297 1036 1381 Hephaistionis
1057 1298 1160 1363 aetate
1183 1299 1312 1388 posteg

180 1404 313 1470 rioribus
336 1404 369 1467 in
390 1402 481 1467 unius
505 1404 654 1484 orriusque
681 1402 829 1469 metricae
860 1400 980 1485 periodi
1012 1400 1097 1466 exitu
1121 1402 1212 1486 signa
1233 1401 1289 1467 ad·
1306 1449 1315 1488 ,¹

180 1509 295 1591 scripta
318 1526 386 1573 esse
408 1505 551 1572 tradatur
574 1506 613 1571 cf.
637 1506 734 1572 schol.
755 1505 835 1590 plut.
859 1506 891 1571 ct
914 1526 978 1584 aa,
1008 1507 1042 1570 in
1064 1506 1314 1588 antiquioribus

181 1612 291 1679 eadem
311 1612 339 1676 si
362 1612 485 1676 exstant
508 1630 526 1675 a
547 1611 720 1675 recentiore
749 1629 846 1675 manu
872 1629 939 1675 esse
967 1608 1087 1687 addita,
1125 1610 1289 1692 permultis

181 1715 391 1781 demonstrari
425 1713 583 1799 exemplis.
629 1717 664 1780 at
692 1733 783 1793 vero,
819 1714 852 1778 id
882 1715 965 1797 quod
999 1715 1104 1779 omnia
1133 1714 1291 1780 testantur

182 1819 300 1885 scholia
327 1819 451 1895 vetera,
489 1837 551 1882 nen
574 1816 614 1883 ad
638 1838 722 1897 eam,
762 1837 841 1902 quae
869 1817 1031 1901 praecedit
1052 1816 1214 1900 periodum
1234 1817 1310 1930 sed!

181 1944 260 2007 quae
289 1922 503 2005 subsequitur,
540 1922 655 2004 ubique
686 1923 775 2007 signa
808 1940 875 1988 esse
906 1921 1085 2000 referenda,
1123 1921 1215 1988 facile
1242 1925 1315 2012 est}

181 2028 359 2104 intellectu,
383 2046 454 2091 cum
475 2046 630 2110 nusquam
650 2027 728 2092 talia
749 2027 839 2092 nobis
863 2029 1040 2105 occurrant,
1064 2022 1122 2090 ἐπὶ
1141 2027 1187 2111 τῷ
1206 2017 1311 2108 atter}

181 2126 330 2215 κορωνίς,
356 2130 412 2196 sed
433 2131 547 2214 ubique
569 2131 661 2210 haec,
682 2130 783 2218 διπλῆ
804 2128 921 2196 ἕπεται
944 2129 1006 2214 γὰρ
1027 2134 1059 2197 et
1078 2129 1202 2196 similia.
1302 2115 1309 2194 1

268 2235 377 2317 Diples
407 2236 514 2301 autem
544 2237 644 2300 notal
677 2235 710 2299 in
731 2235 888 2300 veteribus
918 2234 1044 2300 scholiis
1073 2234 1289 2314 usitatissima,

182 2341 264 2425 apud
285 2333 474 2404 recentiores
497 2339 683 2405 scholiastae
707 2358 862 2423 nusquam
885 2338 919 2404 in
941 2338 1136 2422 singulorum
1154 2331 1308 2405 scholio.¹

182 2464 252 2509 rum
278 2443 375 2508 initiis
401 2446 673 2510 commemoratur.
715 2443 781 2509 iam
809 2445 886 2509 haec
916 2463 965 2508 res
995 2444 1126 2522 sufficit,
1165 2463 1202 2509 er
1229 2411 1309 2528 quaJ

183 2567 339 2613 summum
360 2548 455 2613 fuisse
484 2548 517 2612 in
540 2546 669 2614 notandi
696 2567 755 2613 usu
775 2548 950 2613 dissensum
976 2548 1059 2613 inter
1082 2567 1134 2623 eos
1157 2547 1290 2626 codices,
1381 2621 1385 2628 ,

182 2652 295 2736 quibus
318 2670 394 2716 usus
430 2652 473 2716 sit
500 2652 657 2736 antiquior
690 2651 860 2718 scholiasta
891 2655 923 2717 ct
951 2653 1160 2731 recentiores,
1196 2652 1320 2766 facile!

182 2775 417 2841 cognoscamus.
472 2756 641 2849 apud-hos
677 2757 760 2821 enim
796 2758 824 2821 si
856 2757 974 2822 mentio
1008 2756 1046 2821 fit
1077 2755 1196 2843 διπλῆς
1229 2776 1291 2822 non
1309 2773 1318 2808 r

182 2862 309 2946 signum
331 2860 536 2945 intellegitur,
560 2859 615 2926 sed
637 2863 705 2927 tota
724 2859 870 2945 periodus
884 2860 1016 2926 metrica
1032 2860 1150 2946 διπλῆς
1166 2861 1291 2926 nomine

184 2965 374 3049 appellatur,
394 2964 482 3030 velut
502 2964 604 3051 διπλῆ
626 2955 784 3047 ἀμοιβαιά
809 2968 841 3030 ct
860 2965 1000 3031 eiusdem
1021 2965 1127 3048 partes
1143 2958 1293 3041 εἴσθεσις

183 3071 216 3135 ot
247 3062 381 3145 ἔκθεσις
401 3070 457 3155 τῆς
479 3067 611 3155 διπλῆς,
648 3070 686 3134 de
715 3090 776 3154 qua
804 3090 839 3134 re
864 3070 927 3135 iam
956 3088 1051 3153 supra
1085 3069 1162 3135 satis
1189 3069 1292 3135 multa
1391 3145 1398 3154 Ι

183 3174 280 3240 verba
301 3173 413 3238 fecisse
436 3173 515 3238 mihi
537 3174 653 3239 videor.
697 3176 838 3240 attamen
856 3173 1021 3240 adhibetur
1046 3173 1170 3258 signum
1192 3174 1310 3300 diples(

183 3279 217 3343 in
238 3277 397 3345 veteribus
420 3279 547 3344 scholiis
569 3279 610 3344 ad
634 3278 871 3364 distinguendas
894 3278 1034 3364 singulas
1053 3279 1151 3344 totius
1167 3278 1315 3404 drama-p

183 3385 225 3449 tis
247 3385 352 3468 partes
374 3382 520 3448 metricas
543 3386 575 3448 et
597 3385 770 3449 metrorum
792 3386 825 3448 et
846 3402 995 3449 versuum
1016 3402 1130 3467 genere
1153 3383 1235 3448 inter
1258 3402 1312 3464 se¹
1378 3382 1381 3389 '

183 3488 333 3571 dispares.
376 3488 483 3570 itaque
504 3488 536 3552 et
563 3488 687 3572 singula
709 3489 850 3554 carmina
872 3489 937 3552 sive
965 3487 1052 3553 chori
1075 3489 1142 3554 sire
1162 3487 1291 3552 histrio·
1391 3477 1398 3487 ’

183 3611 276 3668 num,
297 3592 337 3657 iis
359 3592 512 3675 exceptis,
532 3593 586 3656 ubi
610 3592 777 3658 histriones
802 3592 839 3658 de
855 3612 949 3658 scena
970 3591 1124 3657 decedunt
1146 3593 1201 3657 aut
1218 3592 1292 3659 novi

183 3697 319 3774 intrant,
349 3696 388 3761 ab
412 3715 463 3774 ea,
493 3715 573 3779 quae
593 3696 752 3780 praecedit
776 3696 904 3780 periodo
932 3696 1115 3780 plerumque
1144 3716 1292 3762 versuum

184 3818 298 3884 genere
321 3798 458 3878 diversa,
482 3798 580 3883 diples
602 3802 690 3886 signo
714 3802 872 3867 disiuncta
886 3800 1037 3868 videmus.
1067 3799 1122 3866 sed
1137 3821 1175 3866 no
1190 3802 1291 3884 putes,

184 3905 324 3969 veterem
346 3902 549 3970 scholiastam
570 3905 764 3987 spectantem
787 3907 928 3971 actorum
948 3907 980 3970 et
1001 3905 1088 3969 chori
1102 3904 1293 3970 vicissitudi-

184 4025 256 4072 nem
277 4008 358 4073 hanc
382 4008 527 4093 signandi
548 4011 703 4076 rationem
729 4011 927 4088 observasse,
962 4009 1103 4075 conferas
1125 4008 1292 4074 nonnullos

273 4234 299 4303 1)
328 4235 413 4300 διπλῆ
436 4233 503 4302 (scil.
530 4231 738 4306 πτιριέγριιςιος),
769 4235 802 4289 ef.
827 4232 898 4302 apud
923 4234 1095 4288 recentiorem
1119 4234 1291 4292 scholiastam

183 4321 267 4377 schel.
284 4337 325 4392 eq.
343 4320 394 4377 756
412 4323 441 4375 et
457 4321 523 4377 973:
543 4316 729 4395 παράγριιφοι
748 4322 778 4375 δὲ
800 4319 890 4374 ἁπλαῖ
904 4320 959 4391 μὲν
976 4324 1065 4374 neae.
