<?xml version="1.0" encoding="UTF-8"?>
<!DOCTYPE html PUBLIC "-//W3C//DTD XHTML 1.0 Transitional//EN"
    "http://www.w3.org/TR/xhtml1/DTD/xhtml1-transitional.dtd">
<html xmlns="http://www.w3.org/1999/xhtml" xml:lang="en" lang="en">
 <head>
  <title>
</title>
<meta http-equiv="Content-Type" content="text/html;charset=utf-8" />
  <meta name='ocr-system' content='tesseract 3.04.00' />
  <meta name='ocr-capabilities' content='ocr_page ocr_carea ocr_par ocr_line ocrx_word'/>
</head>
<body>
  <div class='ocr_page' id='page_1' title='image "./colometriaearis00unkngoog_0110.png"; bbox 0 0 3134 4984; ppageno 0'>
   <div class='ocr_carea' id='block_1_1' title="bbox 277 315 313 373">
    <p class='ocr_par' dir='ltr' id='par_1_1' title="bbox 277 315 313 373">
     <span class='ocr_line' id='line_1_1' title="bbox 277 315 313 373; baseline -0.083 0"><span class='ocrx_word' id='word_1_1' title='bbox 277 315 313 373; x_wconf 83' lang='lat'>98</span> 
     </span>
    </p>
   </div>
   <div class='ocr_carea' id='block_1_2' title="bbox 222 454 1438 3548">
    <p class='ocr_par' dir='ltr' id='par_1_2' title="bbox 222 454 1438 3548">
     <span class='ocr_line' id='line_1_2' title="bbox 273 454 1389 551; baseline -0.01 -12"><span class='ocrx_word' id='word_1_2' title='bbox 273 471 370 539; x_wconf 87' lang='lat' dir='ltr'>schel.</span> <span class='ocrx_word' id='word_1_3' title='bbox 395 475 473 545; x_wconf 77' lang='lat'>651,</span> <span class='ocrx_word' id='word_1_4' title='bbox 507 456 596 551; x_wconf 73' lang='lat' dir='ltr'>bq’d</span> <span class='ocrx_word' id='word_1_5' title='bbox 620 458 654 527; x_wconf 78' lang='lat' dir='ltr'>ui</span> <span class='ocrx_word' id='word_1_6' title='bbox 681 455 917 549; x_wconf 68' lang='grc' dir='ltr'><em>ἀμφοτέρωθεν</em></span> <span class='ocrx_word' id='word_1_7' title='bbox 944 454 1007 541; x_wconf 69' lang='grc' dir='ltr'>ἔξω</span> <span class='ocrx_word' id='word_1_8' title='bbox 1027 459 1161 539; x_wconf 81' lang='grc' dir='ltr'><strong><em>διπλαῖ,</em></strong></span> <span class='ocrx_word' id='word_1_9' title='bbox 1197 461 1253 528; x_wconf 87' lang='lat' dir='ltr'>sed</span> <span class='ocrx_word' id='word_1_10' title='bbox 1275 482 1389 528; x_wconf 86' lang='lat' dir='ltr'>veram</span> 
     </span>
     <span class='ocr_line' id='line_1_3' title="bbox 271 565 1388 649; baseline -0.007 -9"><span class='ocrx_word' id='word_1_11' title='bbox 271 576 441 642; x_wconf 88' lang='lat' dir='ltr'>lectionem</span> <span class='ocrx_word' id='word_1_12' title='bbox 469 570 597 637; x_wconf 79' lang='lat' dir='ltr'>habebis</span> <span class='ocrx_word' id='word_1_13' title='bbox 624 568 740 633; x_wconf 89' lang='lat' dir='ltr'>codicis</span> <span class='ocrx_word' id='word_1_14' title='bbox 760 567 799 632; x_wconf 90' lang='lat' dir='ltr'>V.</span> <span class='ocrx_word' id='word_1_15' title='bbox 830 566 928 649; x_wconf 90' lang='lat' dir='ltr'>signis</span> <span class='ocrx_word' id='word_1_16' title='bbox 959 565 1136 642; x_wconf 78' lang='lat' dir='ltr'>carentem,</span> <span class='ocrx_word' id='word_1_17' title='bbox 1180 568 1250 630; x_wconf 89' lang='lat' dir='ltr'>tum</span> <span class='ocrx_word' id='word_1_18' title='bbox 1285 566 1388 632; x_wconf 88' lang='lat' dir='ltr'>schol.</span> 
     </span>
     <span class='ocr_line' id='line_1_4' title="bbox 222 663 1389 759; baseline -0.011 -14"><span class='ocrx_word' id='word_1_19' title='bbox 222 671 224 676; x_wconf 37' lang='lat'>⁵</span> <span class='ocrx_word' id='word_1_20' title='bbox 257 671 357 758; x_wconf 75' lang='grc'>1426,</span> <span class='ocrx_word' id='word_1_21' title='bbox 394 673 434 740; x_wconf 81' lang='grc' dir='ltr'>τὰ</span> <span class='ocrx_word' id='word_1_22' title='bbox 462 671 499 739; x_wconf 81' lang='grc' dir='ltr'>δὲ</span> <span class='ocrx_word' id='word_1_23' title='bbox 521 666 593 759; x_wconf 69' lang='grc' dir='ltr'>ἑξῆς</span> <span class='ocrx_word' id='word_1_24' title='bbox 626 666 759 753; x_wconf 76' lang='grc' dir='ltr'><strong><em>ἰαμβεῖα</em></strong></span> <span class='ocrx_word' id='word_1_25' title='bbox 779 666 872 754; x_wconf 82' lang='grc' dir='ltr'><strong><em>μέχρι</em></strong></span> <span class='ocrx_word' id='word_1_26' title='bbox 895 671 951 732; x_wconf 84' lang='grc' dir='ltr'>τοῦ</span> <span class='ocrx_word' id='word_1_27' title='bbox 981 663 1155 749; x_wconf 77' lang='grc' dir='ltr'><strong><em>,,ὖπότεινε</em></strong></span> <span class='ocrx_word' id='word_1_28' title='bbox 1176 664 1215 754; x_wconf 77' lang='grc' dir='ltr'><em>δὴ</em></span> <span class='ocrx_word' id='word_1_29' title='bbox 1239 673 1309 745; x_wconf 81' lang='grc' dir='ltr'>πᾶς</span> <span class='ocrx_word' id='word_1_30' title='bbox 1330 668 1389 732; x_wconf 81' lang='grc' dir='ltr'>καὶ</span> 
     </span>
     <span class='ocr_line' id='line_1_5' title="bbox 275 765 1389 866; baseline -0.011 -18"><span class='ocrx_word' id='word_1_31' title='bbox 275 776 394 866; x_wconf 76' lang='grc' dir='ltr'><strong><em>κάταγε</em></strong></span> <span class='ocrx_word' id='word_1_32' title='bbox 415 781 522 844; x_wconf 78' lang='grc' dir='ltr'><strong><em>τοῖσιν</em></strong></span> <span class='ocrx_word' id='word_1_33' title='bbox 542 768 648 859; x_wconf 78' lang='grc' dir='ltr'><em>κάλῳς</em></span> <span class='ocrx_word' id='word_1_34' title='bbox 654 781 681 855; x_wconf 85' lang='grc'>,“</span> <span class='ocrx_word' id='word_1_35' title='bbox 702 768 760 838; x_wconf 78' lang='grc' dir='ltr'>ἐπὶ</span> <span class='ocrx_word' id='word_1_36' title='bbox 780 777 827 858; x_wconf 62' lang='grc' dir='ltr'>τρὶ</span> <span class='ocrx_word' id='word_1_37' title='bbox 851 768 936 856; x_wconf 76' lang='grc' dir='ltr'><strong><em>τέλει</em></strong></span> <span class='ocrx_word' id='word_1_38' title='bbox 958 765 1102 856; x_wconf 84' lang='grc' dir='ltr'><strong><em>κορωνίς.</em></strong></span> <span class='ocrx_word' id='word_1_39' title='bbox 1147 771 1259 837; x_wconf 87' lang='lat' dir='ltr'>desunt</span> <span class='ocrx_word' id='word_1_40' title='bbox 1280 774 1389 838; x_wconf 84' lang='lat' dir='ltr'>autem</span> 
     </span>
     <span class='ocr_line' id='line_1_6' title="bbox 272 871 1389 970; baseline -0.013 -18"><span class='ocrx_word' id='word_1_41' title='bbox 272 887 364 970; x_wconf 87' lang='lat' dir='ltr'>signa</span> <span class='ocrx_word' id='word_1_42' title='bbox 384 886 418 949; x_wconf 91' lang='lat' dir='ltr'>in</span> <span class='ocrx_word' id='word_1_43' title='bbox 440 900 476 948; x_wconf 89' lang='lat' dir='ltr'>co</span> <span class='ocrx_word' id='word_1_44' title='bbox 499 879 617 946; x_wconf 91' lang='lat' dir='ltr'>scholio</span> <span class='ocrx_word' id='word_1_45' title='bbox 640 876 723 962; x_wconf 93' lang='lat' dir='ltr'>quod</span> <span class='ocrx_word' id='word_1_46' title='bbox 744 876 839 961; x_wconf 89' lang='lat' dir='ltr'>paulo</span> <span class='ocrx_word' id='word_1_47' title='bbox 862 878 935 960; x_wconf 87' lang='lat' dir='ltr'>post</span> <span class='ocrx_word' id='word_1_48' title='bbox 955 876 1073 960; x_wconf 85' lang='lat' dir='ltr'>legitur</span> <span class='ocrx_word' id='word_1_49' title='bbox 1095 874 1202 958; x_wconf 82' lang='grc'><strong>(435),</strong></span> <span class='ocrx_word' id='word_1_50' title='bbox 1224 874 1326 962; x_wconf 79' lang='grc' dir='ltr'><strong><em>διπλῆ</em></strong></span> <span class='ocrx_word' id='word_1_51' title='bbox 1351 871 1389 939; x_wconf 80' lang='grc' dir='ltr'>δὲ</span> 
     </span>
     <span class='ocr_line' id='line_1_7' title="bbox 276 971 1387 1065; baseline -0.01 -12"><span class='ocrx_word' id='word_1_52' title='bbox 276 985 333 1054; x_wconf 84' lang='grc' dir='ltr'>καὶ</span> <span class='ocrx_word' id='word_1_53' title='bbox 354 984 388 1052; x_wconf 77' lang='grc' dir='ltr'>ἐν</span> <span class='ocrx_word' id='word_1_54' title='bbox 410 979 558 1051; x_wconf 75' lang='grc' dir='ltr'><strong><em>εἷσθέσει</em></strong></span> <span class='ocrx_word' id='word_1_55' title='bbox 587 978 693 1062; x_wconf 79' lang='grc' dir='ltr'><strong><em>στίχοι</em></strong></span> <span class='ocrx_word' id='word_1_56' title='bbox 714 975 864 1064; x_wconf 82' lang='grc' dir='ltr'><strong><em>ἶαμβικοὶ</em></strong></span> <span class='ocrx_word' id='word_1_57' title='bbox 895 974 1057 1064; x_wconf 80' lang='grc' dir='ltr'><strong><em>τρίμετροι</em></strong></span> <span class='ocrx_word' id='word_1_58' title='bbox 1082 971 1299 1065; x_wconf 77' lang='grc' dir='ltr'><strong><em>ἅκατᾶλιμτοι</em></strong></span> <span class='ocrx_word' id='word_1_59' title='bbox 1321 972 1387 1060; x_wconf 80' lang='grc' dir='ltr'>κδ’,</span> 
     </span>
     <span class='ocr_line' id='line_1_8' title="bbox 277 1077 1389 1170; baseline -0.008 -14"><span class='ocrx_word' id='word_1_60' title='bbox 277 1082 321 1156; x_wconf 79' lang='grc' dir='ltr'>ὧν</span> <span class='ocrx_word' id='word_1_61' title='bbox 342 1090 523 1164; x_wconf 82' lang='grc' dir='ltr'><strong><em>τελεαταῖος</em></strong></span> <span class='ocrx_word' id='word_1_62' title='bbox 551 1135 569 1164; x_wconf 87' lang='grc'>,,</span> <span class='ocrx_word' id='word_1_63' title='bbox 577 1077 728 1149; x_wconf 75' lang='grc' dir='ltr'><strong><em>ὑπότεινε</em></strong></span> <span class='ocrx_word' id='word_1_64' title='bbox 749 1081 788 1170; x_wconf 75' lang='grc' dir='ltr'>δὴ</span> <span class='ocrx_word' id='word_1_65' title='bbox 817 1086 884 1160; x_wconf 82' lang='grc' dir='ltr'>πᾶς</span> <span class='ocrx_word' id='word_1_66' title='bbox 893 1087 919 1161; x_wconf 83' lang='grc'>,“</span> <span class='ocrx_word' id='word_1_67' title='bbox 949 1083 1004 1146; x_wconf 86' lang='lat' dir='ltr'>ubi</span> <span class='ocrx_word' id='word_1_68' title='bbox 1031 1082 1128 1148; x_wconf 92' lang='lat' dir='ltr'>iidem</span> <span class='ocrx_word' id='word_1_69' title='bbox 1155 1102 1265 1149; x_wconf 81' lang='lat' dir='ltr'>versus</span> <span class='ocrx_word' id='word_1_70' title='bbox 1287 1083 1389 1167; x_wconf 82' lang='lat' dir='ltr'>expli·</span> 
     </span>
     <span class='ocr_line' id='line_1_9' title="bbox 274 1186 1389 1272; baseline -0.007 -11"><span class='ocrx_word' id='word_1_71' title='bbox 274 1197 396 1260; x_wconf 86' lang='lat' dir='ltr'>cantur.</span> <span class='ocrx_word' id='word_1_72' title='bbox 440 1208 538 1257; x_wconf 89' lang='lat' dir='ltr'>unum</span> <span class='ocrx_word' id='word_1_73' title='bbox 565 1191 690 1255; x_wconf 88' lang='lat' dir='ltr'>tantum</span> <span class='ocrx_word' id='word_1_74' title='bbox 721 1188 822 1252; x_wconf 83' lang='lat' dir='ltr'>restat</span> <span class='ocrx_word' id='word_1_75' title='bbox 852 1186 1006 1251; x_wconf 87' lang='lat' dir='ltr'>scholium</span> <span class='ocrx_word' id='word_1_76' title='bbox 1028 1193 1107 1264; x_wconf 86' lang='lat'>819,</span> <span class='ocrx_word' id='word_1_77' title='bbox 1134 1187 1223 1252; x_wconf 90' lang='lat' dir='ltr'>cuius</span> <span class='ocrx_word' id='word_1_78' title='bbox 1250 1188 1389 1272; x_wconf 90' lang='lat' dir='ltr'>genuina</span> 
     </span>
     <span class='ocr_line' id='line_1_10' title="bbox 272 1286 1389 1378; baseline -0.006 -15"><span class='ocrx_word' id='word_1_79' title='bbox 272 1298 367 1365; x_wconf 90' lang='lat' dir='ltr'>lectio</span> <span class='ocrx_word' id='word_1_80' title='bbox 390 1316 427 1362; x_wconf 88' lang='lat' dir='ltr'>ac</span> <span class='ocrx_word' id='word_1_81' title='bbox 449 1313 524 1362; x_wconf 89' lang='lat' dir='ltr'>vera</span> <span class='ocrx_word' id='word_1_82' title='bbox 544 1293 622 1359; x_wconf 88' lang='lat' dir='ltr'>haec</span> <span class='ocrx_word' id='word_1_83' title='bbox 649 1292 710 1357; x_wconf 87' lang='lat' dir='ltr'>fuit</span> <span class='ocrx_word' id='word_1_84' title='bbox 732 1291 799 1357; x_wconf 91' lang='lat' dir='ltr'>sine</span> <span class='ocrx_word' id='word_1_85' title='bbox 823 1289 936 1369; x_wconf 91' lang='lat' dir='ltr'>dubio,</span> <span class='ocrx_word' id='word_1_86' title='bbox 974 1286 1124 1377; x_wconf 69' lang='grc' dir='ltr'><strong><em>κορωνὶς,</em></strong></span> <span class='ocrx_word' id='word_1_87' title='bbox 1159 1288 1297 1374; x_wconf 79' lang='grc' dir='ltr'><strong><em>προΐασι</em></strong></span> <span class='ocrx_word' id='word_1_88' title='bbox 1325 1289 1389 1378; x_wconf 80' lang='grc' dir='ltr'>γὰρ</span> 
     </span>
     <span class='ocr_line' id='line_1_11' title="bbox 277 1387 1390 1485; baseline -0.005 -20"><span class='ocrx_word' id='word_1_89' title='bbox 277 1396 309 1465; x_wconf 75' lang='grc' dir='ltr'>οἱ</span> <span class='ocrx_word' id='word_1_90' title='bbox 341 1393 514 1485; x_wconf 75' lang='grc' dir='ltr'><strong><em>ὑποκριταὶ</em></strong></span> <span class='ocrx_word' id='word_1_91' title='bbox 540 1393 596 1461; x_wconf 80' lang='grc' dir='ltr'>καὶ</span> <span class='ocrx_word' id='word_1_92' title='bbox 625 1389 657 1459; x_wconf 76' lang='grc' dir='ltr'>οἳ</span> <span class='ocrx_word' id='word_1_93' title='bbox 692 1391 751 1476; x_wconf 82' lang='grc' dir='ltr'>μὲν</span> <span class='ocrx_word' id='word_1_94' title='bbox 779 1397 907 1481; x_wconf 84' lang='grc' dir='ltr'><strong><em>πρῶτοι</em></strong></span> <span class='ocrx_word' id='word_1_95' title='bbox 942 1388 1047 1474; x_wconf 80' lang='grc' dir='ltr'><strong><em>στίχοι</em></strong></span> <span class='ocrx_word' id='word_1_96' title='bbox 1079 1387 1194 1477; x_wconf 76' lang='grc' dir='ltr'><strong><em>ἴαμβοι</em></strong></span> <span class='ocrx_word' id='word_1_97' title='bbox 1223 1389 1390 1481; x_wconf 85' lang='grc' dir='ltr'><strong><em>τρίμετροι</em></strong></span> 
     </span>
     <span class='ocr_line' id='line_1_12' title="bbox 275 1491 1389 1588; baseline -0.004 -20"><span class='ocrx_word' id='word_1_98' title='bbox 275 1493 492 1588; x_wconf 76' lang='grc' dir='ltr'><strong><em>ἆκατάλιμτοι</em></strong></span> <span class='ocrx_word' id='word_1_99' title='bbox 511 1491 571 1578; x_wconf 83' lang='grc' dir='ltr'>λς’.</span> <span class='ocrx_word' id='word_1_100' title='bbox 617 1497 821 1563; x_wconf 86' lang='lat' dir='ltr'>nihilominus</span> <span class='ocrx_word' id='word_1_101' title='bbox 850 1496 971 1563; x_wconf 87' lang='lat' dir='ltr'>unuin</span> <span class='ocrx_word' id='word_1_102' title='bbox 1000 1496 1118 1562; x_wconf 84' lang='lat' dir='ltr'>scholio</span> <span class='ocrx_word' id='word_1_103' title='bbox 1146 1496 1273 1580; x_wconf 90' lang='lat' dir='ltr'>antiquo</span> <span class='ocrx_word' id='word_1_104' title='bbox 1296 1498 1389 1564; x_wconf 91' lang='lat' dir='ltr'>nobis</span> 
     </span>
     <span class='ocr_line' id='line_1_13' title="bbox 274 1599 1389 1687; baseline -0.005 -14"><span class='ocrx_word' id='word_1_105' title='bbox 274 1606 443 1674; x_wconf 87' lang='lat' dir='ltr'>occurrunt</span> <span class='ocrx_word' id='word_1_106' title='bbox 465 1604 556 1687; x_wconf 89' lang='lat' dir='ltr'>signa</span> <span class='ocrx_word' id='word_1_107' title='bbox 576 1602 610 1667; x_wconf 92' lang='lat' dir='ltr'>in</span> <span class='ocrx_word' id='word_1_108' title='bbox 632 1602 713 1680; x_wconf 89' lang='lat' dir='ltr'>fine,</span> <span class='ocrx_word' id='word_1_109' title='bbox 743 1620 822 1684; x_wconf 89' lang='lat' dir='ltr'>quae</span> <span class='ocrx_word' id='word_1_110' title='bbox 854 1620 873 1666; x_wconf 93' lang='lat' dir='ltr'>a</span> <span class='ocrx_word' id='word_1_111' title='bbox 895 1599 1076 1666; x_wconf 85' lang='lat' dir='ltr'>recentioris</span> <span class='ocrx_word' id='word_1_112' title='bbox 1105 1603 1256 1683; x_wconf 87' lang='lat' dir='ltr'>temporis</span> <span class='ocrx_word' id='word_1_113' title='bbox 1279 1622 1389 1685; x_wconf 86' lang='lat' dir='ltr'>gram·</span> 
     </span>
     <span class='ocr_line' id='line_1_14' title="bbox 273 1694 1438 1791; baseline -0.007 -13"><span class='ocrx_word' id='word_1_114' title='bbox 273 1708 397 1778; x_wconf 86' lang='lat' dir='ltr'>matiois</span> <span class='ocrx_word' id='word_1_115' title='bbox 418 1706 526 1774; x_wconf 89' lang='lat' dir='ltr'>addita</span> <span class='ocrx_word' id='word_1_116' title='bbox 548 1724 616 1771; x_wconf 88' lang='lat' dir='ltr'>esse</span> <span class='ocrx_word' id='word_1_117' title='bbox 639 1726 701 1772; x_wconf 91' lang='lat' dir='ltr'>non</span> <span class='ocrx_word' id='word_1_118' title='bbox 722 1705 888 1785; x_wconf 85' lang='lat' dir='ltr'>videntur,</span> <span class='ocrx_word' id='word_1_119' title='bbox 918 1724 965 1789; x_wconf 90' lang='lat' dir='ltr'>eq.</span> <span class='ocrx_word' id='word_1_120' title='bbox 987 1712 1064 1783; x_wconf 82' lang='grc'>973,</span> <span class='ocrx_word' id='word_1_121' title='bbox 1096 1701 1307 1791; x_wconf 72' lang='grc' dir='ltr'><strong><em>παραγραφοι</em></strong></span> <span class='ocrx_word' id='word_1_122' title='bbox 1329 1702 1391 1787; x_wconf 79' lang='grc' dir='ltr'>μὲν</span> <span class='ocrx_word' id='word_1_123' title='bbox 1432 1694 1438 1702; x_wconf 72' lang='grc'><strong>’</strong></span> 
     </span>
     <span class='ocr_line' id='line_1_15' title="bbox 277 1803 1389 1897; baseline -0.004 -19"><span class='ocrx_word' id='word_1_124' title='bbox 277 1811 390 1887; x_wconf 74' lang='grc' dir='ltr'><strong><em>πέντε,</em></strong></span> <span class='ocrx_word' id='word_1_125' title='bbox 414 1806 433 1897; x_wconf 78' lang='grc' dir='ltr'>ἡ</span> <span class='ocrx_word' id='word_1_126' title='bbox 455 1806 491 1875; x_wconf 79' lang='grc' dir='ltr'>δὲ</span> <span class='ocrx_word' id='word_1_127' title='bbox 507 1806 543 1889; x_wconf 84' lang='grc' dir='ltr'>ς’</span> <span class='ocrx_word' id='word_1_128' title='bbox 565 1807 619 1873; x_wconf 85' lang='grc' dir='ltr'>καὶ</span> <span class='ocrx_word' id='word_1_129' title='bbox 641 1808 724 1891; x_wconf 84' lang='grc' dir='ltr'><strong><em>μετὰ</em></strong></span> <span class='ocrx_word' id='word_1_130' title='bbox 746 1803 935 1894; x_wconf 79' lang='grc' dir='ltr'><strong><em>κορωνίδος,</em></strong></span> <span class='ocrx_word' id='word_1_131' title='bbox 957 1808 1012 1874; x_wconf 90' lang='lat' dir='ltr'>ubi</span> <span class='ocrx_word' id='word_1_132' title='bbox 1034 1808 1075 1873; x_wconf 88' lang='lat' dir='ltr'>ad</span> <span class='ocrx_word' id='word_1_133' title='bbox 1095 1807 1301 1894; x_wconf 83' lang='lat' dir='ltr'>disiungenda</span> <span class='ocrx_word' id='word_1_134' title='bbox 1322 1809 1389 1874; x_wconf 87' lang='lat' dir='ltr'>sin·</span> 
     </span>
     <span class='ocr_line' id='line_1_16' title="bbox 273 1912 1389 2002; baseline -0.003 -20"><span class='ocrx_word' id='word_1_135' title='bbox 273 1917 349 2002; x_wconf 83' lang='lat' dir='ltr'>gula</span> <span class='ocrx_word' id='word_1_136' title='bbox 374 1913 561 1981; x_wconf 86' lang='lat' dir='ltr'>semichoria</span> <span class='ocrx_word' id='word_1_137' title='bbox 589 1914 830 1996; x_wconf 87' lang='lat' dir='ltr'>interponuntur</span> <span class='ocrx_word' id='word_1_138' title='bbox 858 1913 1055 1997; x_wconf 81' lang='lat' dir='ltr'>paragraphi.</span> <span class='ocrx_word' id='word_1_139' title='bbox 1101 1912 1261 1995; x_wconf 87' lang='lat' dir='ltr'>quaeritur</span> <span class='ocrx_word' id='word_1_140' title='bbox 1294 1914 1389 1994; x_wconf 88' lang='lat' dir='ltr'>enim,</span> 
     </span>
     <span class='ocr_line' id='line_1_17' title="bbox 275 2016 1390 2101; baseline -0.004 -15"><span class='ocrx_word' id='word_1_141' title='bbox 275 2021 383 2086; x_wconf 88' lang='lat' dir='ltr'>utrum</span> <span class='ocrx_word' id='word_1_142' title='bbox 419 2019 479 2083; x_wconf 89' lang='lat' dir='ltr'>hoo</span> <span class='ocrx_word' id='word_1_143' title='bbox 516 2034 641 2083; x_wconf 88' lang='lat' dir='ltr'>carmen</span> <span class='ocrx_word' id='word_1_144' title='bbox 677 2016 966 2101; x_wconf 89' lang='lat' dir='ltr'>monostrophicum</span> <span class='ocrx_word' id='word_1_145' title='bbox 996 2035 1015 2081; x_wconf 91' lang='lat' dir='ltr'>a</span> <span class='ocrx_word' id='word_1_146' title='bbox 1044 2018 1111 2081; x_wconf 91' lang='lat' dir='ltr'>toto</span> <span class='ocrx_word' id='word_1_147' title='bbox 1150 2018 1261 2096; x_wconf 87' lang='lat' dir='ltr'>choro,</span> <span class='ocrx_word' id='word_1_148' title='bbox 1298 2036 1340 2082; x_wconf 93' lang='lat' dir='ltr'>an</span> <span class='ocrx_word' id='word_1_149' title='bbox 1370 2037 1390 2082; x_wconf 93' lang='lat' dir='ltr'>a</span> 
     </span>
     <span class='ocr_line' id='line_1_18' title="bbox 275 2118 1388 2204; baseline -0.001 -16"><span class='ocrx_word' id='word_1_150' title='bbox 275 2120 471 2189; x_wconf 90' lang='lat' dir='ltr'>semichoriis</span> <span class='ocrx_word' id='word_1_151' title='bbox 503 2119 734 2186; x_wconf 71' lang='lat' dir='ltr'>alternantibus</span> <span class='ocrx_word' id='word_1_152' title='bbox 760 2118 989 2204; x_wconf 89' lang='lat' dir='ltr'>pronuntietur.</span> <span class='ocrx_word' id='word_1_153' title='bbox 1033 2121 1199 2203; x_wconf 90' lang='lat' dir='ltr'>propterea</span> <span class='ocrx_word' id='word_1_154' title='bbox 1228 2121 1388 2187; x_wconf 90' lang='lat' dir='ltr'>hocloco</span> 
     </span>
     <span class='ocr_line' id='line_1_19' title="bbox 276 2222 1388 2311; baseline -0.002 -19"><span class='ocrx_word' id='word_1_155' title='bbox 276 2225 489 2311; x_wconf 85' lang='lat' dir='ltr'>paragraphus</span> <span class='ocrx_word' id='word_1_156' title='bbox 505 2224 631 2289; x_wconf 91' lang='lat' dir='ltr'>omnino</span> <span class='ocrx_word' id='word_1_157' title='bbox 647 2222 823 2289; x_wconf 87' lang='lat' dir='ltr'>necessaria</span> <span class='ocrx_word' id='word_1_158' title='bbox 840 2225 903 2302; x_wconf 93' lang='lat' dir='ltr'>est,</span> <span class='ocrx_word' id='word_1_159' title='bbox 919 2224 1016 2290; x_wconf 89' lang='lat' dir='ltr'>verba</span> <span class='ocrx_word' id='word_1_160' title='bbox 1031 2225 1136 2290; x_wconf 87' lang='lat' dir='ltr'>autem</span> <span class='ocrx_word' id='word_1_161' title='bbox 1153 2242 1232 2308; x_wconf 88' lang='lat' dir='ltr'>quae</span> <span class='ocrx_word' id='word_1_162' title='bbox 1251 2243 1388 2307; x_wconf 90' lang='lat' dir='ltr'>sequun-</span> 
     </span>
     <span class='ocr_line' id='line_1_20' title="bbox 276 2322 1388 2412; baseline 0.001 -17"><span class='ocrx_word' id='word_1_163' title='bbox 276 2331 329 2395; x_wconf 90' lang='lat' dir='ltr'>tur</span> <span class='ocrx_word' id='word_1_164' title='bbox 350 2377 368 2408; x_wconf 94' lang='lat'>„</span> <span class='ocrx_word' id='word_1_165' title='bbox 375 2323 459 2412; x_wconf 82' lang='grc' dir='ltr'><strong><em>μετὰ</em></strong></span> <span class='ocrx_word' id='word_1_166' title='bbox 482 2322 682 2411; x_wconf 55' lang='lat' dir='ltr'>nonencors</span> <span class='ocrx_word' id='word_1_167' title='bbox 712 2326 876 2392; x_wconf 82' lang='lat' dir='ltr'>referenda</span> <span class='ocrx_word' id='word_1_168' title='bbox 896 2329 971 2393; x_wconf 91' lang='lat' dir='ltr'>sunt</span> <span class='ocrx_word' id='word_1_169' title='bbox 993 2325 1032 2392; x_wconf 94' lang='lat' dir='ltr'>ad</span> <span class='ocrx_word' id='word_1_170' title='bbox 1055 2327 1209 2393; x_wconf 90' lang='lat' dir='ltr'>scholium</span> <span class='ocrx_word' id='word_1_171' title='bbox 1232 2336 1294 2394; x_wconf 82' lang='grc'>997</span> <span class='ocrx_word' id='word_1_172' title='bbox 1319 2327 1388 2396; x_wconf 90' lang='lat' dir='ltr'>cod.</span> 
     </span>
     <span class='ocr_line' id='line_1_21' title="bbox 277 2424 1389 2518; baseline -0.003 -19"><span class='ocrx_word' id='word_1_173' title='bbox 277 2432 330 2510; x_wconf 88' lang='lat' dir='ltr'>V.,</span> <span class='ocrx_word' id='word_1_174' title='bbox 364 2427 523 2518; x_wconf 71' lang='grc' dir='ltr'>(Λιπλῆ)·</span> <span class='ocrx_word' id='word_1_175' title='bbox 561 2425 612 2494; x_wconf 83' lang='grc' dir='ltr'>ὅτι</span> <span class='ocrx_word' id='word_1_176' title='bbox 643 2424 781 2494; x_wconf 83' lang='grc' dir='ltr'><strong><em>εἰσίασιν</em></strong></span> <span class='ocrx_word' id='word_1_177' title='bbox 815 2424 848 2494; x_wconf 79' lang='grc' dir='ltr'>οὶ</span> <span class='ocrx_word' id='word_1_178' title='bbox 883 2425 1071 2516; x_wconf 72' lang='grc' dir='ltr'><strong><em>ὑποκριταί,</em></strong></span> <span class='ocrx_word' id='word_1_179' title='bbox 1109 2431 1164 2496; x_wconf 92' lang='lat' dir='ltr'>ubi</span> <span class='ocrx_word' id='word_1_180' title='bbox 1195 2430 1389 2501; x_wconf 82' lang='lat' dir='ltr'>desideratur</span> 
     </span>
     <span class='ocr_line' id='line_1_22' title="bbox 276 2533 1389 2618; baseline 0.001 -18"><span class='ocrx_word' id='word_1_181' title='bbox 276 2535 395 2600; x_wconf 90' lang='lat' dir='ltr'>mentio</span> <span class='ocrx_word' id='word_1_182' title='bbox 428 2533 598 2611; x_wconf 86' lang='lat' dir='ltr'>coronidis,</span> <span class='ocrx_word' id='word_1_183' title='bbox 635 2551 715 2616; x_wconf 88' lang='lat' dir='ltr'>quae</span> <span class='ocrx_word' id='word_1_184' title='bbox 749 2534 867 2616; x_wconf 91' lang='lat' dir='ltr'>ubique</span> <span class='ocrx_word' id='word_1_185' title='bbox 894 2534 928 2598; x_wconf 93' lang='lat' dir='ltr'>in</span> <span class='ocrx_word' id='word_1_186' title='bbox 964 2533 1090 2599; x_wconf 90' lang='lat' dir='ltr'>scholiis</span> <span class='ocrx_word' id='word_1_187' title='bbox 1123 2534 1260 2618; x_wconf 79' lang='lat' dir='ltr'>antiquis</span> <span class='ocrx_word' id='word_1_188' title='bbox 1298 2534 1389 2601; x_wconf 87' lang='lat' dir='ltr'>novis</span> 
     </span>
     <span class='ocr_line' id='line_1_23' title="bbox 276 2634 1389 2722; baseline 0 -19"><span class='ocrx_word' id='word_1_189' title='bbox 276 2637 468 2704; x_wconf 84' lang='lat' dir='ltr'>intrantibus</span> <span class='ocrx_word' id='word_1_190' title='bbox 487 2636 691 2702; x_wconf 88' lang='lat' dir='ltr'>histrionibus</span> <span class='ocrx_word' id='word_1_191' title='bbox 712 2634 839 2720; x_wconf 90' lang='lat' dir='ltr'>periodo</span> <span class='ocrx_word' id='word_1_192' title='bbox 861 2637 1012 2703; x_wconf 83' lang='lat' dir='ltr'>metricas</span> <span class='ocrx_word' id='word_1_193' title='bbox 1030 2638 1230 2722; x_wconf 88' lang='lat' dir='ltr'>proponitur;</span> <span class='ocrx_word' id='word_1_194' title='bbox 1250 2640 1389 2707; x_wconf 82' lang='lat' dir='ltr'>vccabu-</span> 
     </span>
     <span class='ocr_line' id='line_1_24' title="bbox 277 2738 1389 2826; baseline 0.002 -20"><span class='ocrx_word' id='word_1_195' title='bbox 277 2741 345 2806; x_wconf 90' lang='lat' dir='ltr'>lum</span> <span class='ocrx_word' id='word_1_196' title='bbox 368 2742 473 2806; x_wconf 89' lang='lat' dir='ltr'>autem</span> <span class='ocrx_word' id='word_1_197' title='bbox 504 2739 656 2826; x_wconf 72' lang='grc' dir='ltr'>,,διπλῆ“</span> <span class='ocrx_word' id='word_1_198' title='bbox 683 2738 840 2805; x_wconf 90' lang='lat' dir='ltr'>hocloco</span> <span class='ocrx_word' id='word_1_199' title='bbox 872 2743 920 2805; x_wconf 86' lang='lat' dir='ltr'>est</span> <span class='ocrx_word' id='word_1_200' title='bbox 948 2742 1182 2808; x_wconf 84' lang='lat' dir='ltr'>removendum.</span> <span class='ocrx_word' id='word_1_201' title='bbox 1228 2742 1389 2808; x_wconf 87' lang='lat' dir='ltr'>alterum¹</span> 
     </span>
     <span class='ocr_line' id='line_1_25' title="bbox 277 2839 1389 2929; baseline -0.001 -19"><span class='ocrx_word' id='word_1_202' title='bbox 277 2844 370 2910; x_wconf 91' lang='lat' dir='ltr'>huius</span> <span class='ocrx_word' id='word_1_203' title='bbox 392 2845 438 2911; x_wconf 90' lang='lat' dir='ltr'>rei</span> <span class='ocrx_word' id='word_1_204' title='bbox 459 2842 636 2929; x_wconf 84' lang='lat' dir='ltr'>exemplum</span> <span class='ocrx_word' id='word_1_205' title='bbox 665 2845 767 2910; x_wconf 83' lang='lat' dir='ltr'>exstat</span> <span class='ocrx_word' id='word_1_206' title='bbox 792 2846 827 2910; x_wconf 92' lang='lat' dir='ltr'>in</span> <span class='ocrx_word' id='word_1_207' title='bbox 858 2844 955 2910; x_wconf 88' lang='lat' dir='ltr'>schol.</span> <span class='ocrx_word' id='word_1_208' title='bbox 977 2864 1045 2928; x_wconf 86' lang='lat' dir='ltr'>pac.</span> <span class='ocrx_word' id='word_1_209' title='bbox 1070 2853 1169 2926; x_wconf 86' lang='lat'>1333,</span> <span class='ocrx_word' id='word_1_210' title='bbox 1208 2841 1242 2909; x_wconf 79' lang='grc' dir='ltr'>ἐν</span> <span class='ocrx_word' id='word_1_211' title='bbox 1261 2839 1389 2922; x_wconf 75' lang='grc' dir='ltr'><strong><em>τούτοις</em></strong></span> 
     </span>
     <span class='ocr_line' id='line_1_26' title="bbox 278 2941 1387 3037; baseline 0.002 -26"><span class='ocrx_word' id='word_1_212' title='bbox 278 2944 431 3035; x_wconf 75' lang='grc' dir='ltr'><strong><em>φέρονται</em></strong></span> <span class='ocrx_word' id='word_1_213' title='bbox 453 2941 534 3011; x_wconf 82' lang='grc' dir='ltr'><strong><em>κατά</em></strong></span> <span class='ocrx_word' id='word_1_214' title='bbox 555 2970 645 3024; x_wconf 82' lang='grc' dir='ltr'><strong><em>τινας</em></strong></span> <span class='ocrx_word' id='word_1_215' title='bbox 660 2943 873 3036; x_wconf 68' lang='grc' dir='ltr'><strong><em>παράγραμαι</em></strong></span> <span class='ocrx_word' id='word_1_216' title='bbox 890 2949 1015 3032; x_wconf 90' lang='lat' dir='ltr'>(melius</span> <span class='ocrx_word' id='word_1_217' title='bbox 1036 2946 1270 3037; x_wconf 75' lang='grc' dir='ltr'><strong><em>παράμραφοι),</em></strong></span> <span class='ocrx_word' id='word_1_218' title='bbox 1294 2943 1387 3014; x_wconf 70' lang='lat' dir='ltr'>‘troo</span> 
     </span>
     <span class='ocr_line' id='line_1_27' title="bbox 275 3040 1390 3137; baseline 0.004 -23"><span class='ocrx_word' id='word_1_219' title='bbox 275 3050 373 3137; x_wconf 84' lang='grc' dir='ltr'><strong><em>χορὸς</em></strong></span> <span class='ocrx_word' id='word_1_220' title='bbox 391 3040 453 3115; x_wconf 80' lang='grc' dir='ltr'>ἀνὰ</span> <span class='ocrx_word' id='word_1_221' title='bbox 474 3046 572 3136; x_wconf 82' lang='grc' dir='ltr'><strong><em>μέρος</em></strong></span> <span class='ocrx_word' id='word_1_222' title='bbox 594 3040 676 3114; x_wconf 78' lang='grc' dir='ltr'><strong><em>αὐτὰ</em></strong></span> <span class='ocrx_word' id='word_1_223' title='bbox 701 3047 784 3136; x_wconf 78' lang='grc' dir='ltr'><em>λέγῃ.</em></span> <span class='ocrx_word' id='word_1_224' title='bbox 819 3054 944 3136; x_wconf 90' lang='lat' dir='ltr'>praeter</span> <span class='ocrx_word' id='word_1_225' title='bbox 961 3053 1038 3118; x_wconf 90' lang='lat' dir='ltr'>duos</span> <span class='ocrx_word' id='word_1_226' title='bbox 1055 3054 1114 3119; x_wconf 86' lang='lat' dir='ltr'>hos</span> <span class='ocrx_word' id='word_1_227' title='bbox 1128 3054 1214 3120; x_wconf 91' lang='lat' dir='ltr'>locos</span> <span class='ocrx_word' id='word_1_228' title='bbox 1230 3073 1390 3119; x_wconf 88' lang='lat' dir='ltr'>summum</span> 
     </span>
     <span class='ocr_line' id='line_1_28' title="bbox 246 3153 1389 3242; baseline 0.009 -24"><span class='ocrx_word' id='word_1_229' title='bbox 246 3153 249 3170; x_wconf 85' lang='lat'><em>&#39;</em></span> <span class='ocrx_word' id='word_1_230' title='bbox 277 3154 311 3220; x_wconf 91' lang='lat' dir='ltr'>in</span> <span class='ocrx_word' id='word_1_231' title='bbox 333 3174 393 3221; x_wconf 88' lang='lat' dir='ltr'>usu</span> <span class='ocrx_word' id='word_1_232' title='bbox 415 3155 604 3241; x_wconf 86' lang='lat' dir='ltr'>paragraphi</span> <span class='ocrx_word' id='word_1_233' title='bbox 620 3173 807 3222; x_wconf 87' lang='lat' dir='ltr'>consensum</span> <span class='ocrx_word' id='word_1_234' title='bbox 824 3158 1024 3241; x_wconf 89' lang='lat' dir='ltr'>praebentes,</span> <span class='ocrx_word' id='word_1_235' title='bbox 1048 3177 1121 3223; x_wconf 91' lang='lat' dir='ltr'>eum</span> <span class='ocrx_word' id='word_1_236' title='bbox 1134 3178 1289 3242; x_wconf 86' lang='lat' dir='ltr'>nusquam</span> <span class='ocrx_word' id='word_1_237' title='bbox 1304 3158 1389 3228; x_wconf 87' lang='lat' dir='ltr'>eins-</span> 
     </span>
     <span class='ocr_line' id='line_1_29' title="bbox 279 3256 1391 3347; baseline 0.006 -26"><span class='ocrx_word' id='word_1_238' title='bbox 279 3256 350 3322; x_wconf 88' lang='lat' dir='ltr'>dcm</span> <span class='ocrx_word' id='word_1_239' title='bbox 370 3258 427 3324; x_wconf 90' lang='lat' dir='ltr'>fiat</span> <span class='ocrx_word' id='word_1_240' title='bbox 448 3259 585 3337; x_wconf 91' lang='lat' dir='ltr'>mentio,</span> <span class='ocrx_word' id='word_1_241' title='bbox 612 3260 844 3343; x_wconf 88' lang='lat' dir='ltr'>paragraphum</span> <span class='ocrx_word' id='word_1_242' title='bbox 864 3260 898 3324; x_wconf 91' lang='lat' dir='ltr'>in</span> <span class='ocrx_word' id='word_1_243' title='bbox 920 3260 1058 3327; x_wconf 82' lang='lat' dir='ltr'>diverbia</span> <span class='ocrx_word' id='word_1_244' title='bbox 1083 3262 1123 3327; x_wconf 94' lang='lat' dir='ltr'>ad</span> <span class='ocrx_word' id='word_1_245' title='bbox 1150 3262 1391 3347; x_wconf 86' lang='lat' dir='ltr'>significandam</span> 
     </span>
     <span class='ocr_line' id='line_1_30' title="bbox 277 3362 1389 3447; baseline 0.008 -22"><span class='ocrx_word' id='word_1_246' title='bbox 277 3378 480 3447; x_wconf 88' lang='lat' dir='ltr'>personarum</span> <span class='ocrx_word' id='word_1_247' title='bbox 500 3362 741 3429; x_wconf 88' lang='lat' dir='ltr'>alternationem</span> <span class='ocrx_word' id='word_1_248' title='bbox 763 3365 850 3429; x_wconf 69' lang='lat' dir='ltr'>non&#39;</span> <span class='ocrx_word' id='word_1_249' title='bbox 871 3364 1044 3431; x_wconf 89' lang='lat' dir='ltr'>adhibitam</span> <span class='ocrx_word' id='word_1_250' title='bbox 1063 3385 1148 3447; x_wconf 89' lang='lat' dir='ltr'>esse,</span> <span class='ocrx_word' id='word_1_251' title='bbox 1171 3386 1294 3433; x_wconf 91' lang='lat' dir='ltr'>summa</span> <span class='ocrx_word' id='word_1_252' title='bbox 1315 3387 1389 3433; x_wconf 91' lang='lat' dir='ltr'>cum</span> 
     </span>
     <span class='ocr_line' id='line_1_31' title="bbox 277 3465 780 3548; baseline 0.008 -19"><span class='ocrx_word' id='word_1_253' title='bbox 277 3465 497 3548; x_wconf 88' lang='lat' dir='ltr'>probabilitate</span> <span class='ocrx_word' id='word_1_254' title='bbox 520 3465 672 3531; x_wconf 87' lang='lat' dir='ltr'>coniicere</span> <span class='ocrx_word' id='word_1_255' title='bbox 696 3466 780 3533; x_wconf 86' lang='lat' dir='ltr'>licet</span> 
     </span>
    </p>
   </div>
   <div class='ocr_carea' id='block_1_3' title="bbox 279 3599 1390 3794">
    <p class='ocr_par' dir='ltr' id='par_1_3' title="bbox 279 3599 1390 3794">
     <span class='ocr_line' id='line_1_32' title="bbox 367 3599 1390 3689; baseline 0.009 -27"><span class='ocrx_word' id='word_1_256' title='bbox 367 3600 399 3682; x_wconf 80' lang='lat'>2)</span> <span class='ocrx_word' id='word_1_257' title='bbox 422 3599 542 3666; x_wconf 88' lang='lat' dir='ltr'>Deinde</span> <span class='ocrx_word' id='word_1_258' title='bbox 564 3619 638 3666; x_wconf 91' lang='lat' dir='ltr'>usus</span> <span class='ocrx_word' id='word_1_259' title='bbox 658 3601 729 3679; x_wconf 89' lang='lat' dir='ltr'>ille,</span> <span class='ocrx_word' id='word_1_260' title='bbox 758 3620 853 3686; x_wconf 87' lang='lat' dir='ltr'>quem</span> <span class='ocrx_word' id='word_1_261' title='bbox 874 3603 957 3687; x_wconf 90' lang='lat' dir='ltr'>apud</span> <span class='ocrx_word' id='word_1_262' title='bbox 988 3604 1174 3671; x_wconf 77' lang='lat' dir='ltr'>scholiastes</span> <span class='ocrx_word' id='word_1_263' title='bbox 1196 3607 1390 3689; x_wconf 81' lang='lat' dir='ltr'>Byzantinos</span> 
     </span>
     <span class='ocr_line' id='line_1_33' title="bbox 279 3702 1390 3794; baseline 0.006 -27"><span class='ocrx_word' id='word_1_264' title='bbox 279 3702 512 3786; x_wconf 86' lang='lat' dir='ltr'>cognoscimus,</span> <span class='ocrx_word' id='word_1_265' title='bbox 548 3705 733 3772; x_wconf 84' lang='lat' dir='ltr'>nominandi</span> <span class='ocrx_word' id='word_1_266' title='bbox 767 3708 852 3772; x_wconf 90' lang='lat' dir='ltr'>totas</span> <span class='ocrx_word' id='word_1_267' title='bbox 885 3706 1031 3791; x_wconf 90' lang='lat' dir='ltr'>periodos</span> <span class='ocrx_word' id='word_1_268' title='bbox 1060 3710 1223 3794; x_wconf 89' lang='lat' dir='ltr'>signorum</span> <span class='ocrx_word' id='word_1_269' title='bbox 1252 3710 1390 3776; x_wconf 91' lang='lat' dir='ltr'>nomini·</span> 
     </span>
    </p>
   </div>
   <div class='ocr_carea' id='block_1_4' title="bbox 275 3940 1389 4172">
    <p class='ocr_par' dir='ltr' id='par_1_4' title="bbox 275 3940 1389 4172">
     <span class='ocr_line' id='line_1_34' title="bbox 365 3940 1389 4024; baseline 0.006 -26"><span class='ocrx_word' id='word_1_270' title='bbox 365 3945 380 3998; x_wconf 92' lang='grc'><strong>1</strong></span> <span class='ocrx_word' id='word_1_271' title='bbox 407 3942 481 4009; x_wconf 80' lang='lat' dir='ltr'>Quia</span> <span class='ocrx_word' id='word_1_272' title='bbox 500 3940 545 4015; x_wconf 74' lang='grc' dir='ltr'>ὑφ’</span> <span class='ocrx_word' id='word_1_273' title='bbox 566 3942 584 3996; x_wconf 72' lang='lat' dir='ltr'>a</span> <span class='ocrx_word' id='word_1_274' title='bbox 604 3943 644 4012; x_wconf 87' lang='lat' dir='ltr'>(in</span> <span class='ocrx_word' id='word_1_275' title='bbox 662 3942 745 3999; x_wconf 86' lang='lat' dir='ltr'>schol.</span> <span class='ocrx_word' id='word_1_276' title='bbox 765 3947 845 4016; x_wconf 81' lang='lat'>1353)</span> <span class='ocrx_word' id='word_1_277' title='bbox 863 3946 972 4016; x_wconf 81' lang='lat' dir='ltr'>respicit</span> <span class='ocrx_word' id='word_1_278' title='bbox 989 3947 1070 4024; x_wconf 85' lang='lat' dir='ltr'>verba</span> <span class='ocrx_word' id='word_1_279' title='bbox 1096 3950 1136 4019; x_wconf 84' lang='lat' dir='ltr'>(in</span> <span class='ocrx_word' id='word_1_280' title='bbox 1155 3949 1237 4004; x_wconf 87' lang='lat' dir='ltr'>schol.</span> <span class='ocrx_word' id='word_1_281' title='bbox 1256 3951 1336 4019; x_wconf 78' lang='lat'><strong>1329)</strong></span> <span class='ocrx_word' id='word_1_282' title='bbox 1355 3950 1389 4005; x_wconf 81' lang='grc' dir='ltr'>τὰ</span> 
     </span>
     <span class='ocr_line' id='line_1_35' title="bbox 278 4026 1389 4107; baseline 0.011 -27"><span class='ocrx_word' id='word_1_283' title='bbox 278 4026 302 4080; x_wconf 77' lang='grc' dir='ltr'>ε’</span> <span class='ocrx_word' id='word_1_284' title='bbox 324 4033 372 4080; x_wconf 81' lang='grc' dir='ltr'>τοῦ</span> <span class='ocrx_word' id='word_1_285' title='bbox 392 4030 476 4082; x_wconf 84' lang='grc' dir='ltr'><strong><em>αὐτοῦ</em></strong></span> <span class='ocrx_word' id='word_1_286' title='bbox 493 4032 598 4101; x_wconf 74' lang='grc' dir='ltr'><strong><em>μέτρου</em></strong></span> <span class='ocrx_word' id='word_1_287' title='bbox 618 4034 667 4083; x_wconf 84' lang='grc' dir='ltr'>τοῦ</span> <span class='ocrx_word' id='word_1_288' title='bbox 682 4039 783 4102; x_wconf 82' lang='grc' dir='ltr'><strong><em>χοροῦ,</em></strong></span> <span class='ocrx_word' id='word_1_289' title='bbox 802 4049 835 4087; x_wconf 80' lang='lat' dir='ltr'>ea</span> <span class='ocrx_word' id='word_1_290' title='bbox 853 4050 921 4103; x_wconf 78' lang='lat' dir='ltr'>quae</span> <span class='ocrx_word' id='word_1_291' title='bbox 938 4037 1087 4104; x_wconf 83' lang='lat' dir='ltr'>sequuntur</span> <span class='ocrx_word' id='word_1_292' title='bbox 1104 4036 1139 4090; x_wconf 81' lang='lat' dir='ltr'>ad</span> <span class='ocrx_word' id='word_1_293' title='bbox 1156 4035 1240 4090; x_wconf 82' lang='lat' dir='ltr'>alium</span> <span class='ocrx_word' id='word_1_294' title='bbox 1256 4036 1389 4107; x_wconf 82' lang='lat' dir='ltr'>interpre-</span> 
     </span>
     <span class='ocr_line' id='line_1_36' title="bbox 275 4114 718 4172; baseline 0.007 -5"><span class='ocrx_word' id='word_1_295' title='bbox 275 4116 332 4167; x_wconf 88' lang='lat' dir='ltr'>tem</span> <span class='ocrx_word' id='word_1_296' title='bbox 349 4114 474 4169; x_wconf 85' lang='lat' dir='ltr'>ridcntnr</span> <span class='ocrx_word' id='word_1_297' title='bbox 492 4129 551 4169; x_wconf 84' lang='lat' dir='ltr'>esse</span> <span class='ocrx_word' id='word_1_298' title='bbox 570 4115 718 4172; x_wconf 78' lang='lat' dir='ltr'>reserenda.</span> 
     </span>
    </p>
   </div>
   <div class='ocr_carea' id='block_1_5' title="bbox 267 4217 1388 4385">
    <p class='ocr_par' dir='ltr' id='par_1_5' title="bbox 267 4217 1388 4385">
     <span class='ocr_line' id='line_1_37' title="bbox 267 4217 1388 4292; baseline 0.007 -20"><span class='ocrx_word' id='word_1_299' title='bbox 267 4219 270 4226; x_wconf 83' lang='grc'><em>“</em></span> <span class='ocrx_word' id='word_1_300' title='bbox 363 4219 380 4273; x_wconf 85' lang='grc'>2</span> <span class='ocrx_word' id='word_1_301' title='bbox 405 4217 448 4270; x_wconf 79' lang='lat' dir='ltr'>uf.</span> <span class='ocrx_word' id='word_1_302' title='bbox 465 4217 547 4272; x_wconf 89' lang='lat' dir='ltr'>schol.</span> <span class='ocrx_word' id='word_1_303' title='bbox 568 4235 627 4288; x_wconf 86' lang='lat' dir='ltr'>pac.</span> <span class='ocrx_word' id='word_1_304' title='bbox 647 4220 662 4273; x_wconf 92' lang='lat'>1</span> <span class='ocrx_word' id='word_1_305' title='bbox 685 4222 712 4276; x_wconf 88' lang='lat' dir='ltr'>ct</span> <span class='ocrx_word' id='word_1_306' title='bbox 730 4221 784 4276; x_wconf 87' lang='lat' dir='ltr'>alia</span> <span class='ocrx_word' id='word_1_307' title='bbox 803 4222 938 4291; x_wconf 82' lang='lat' dir='ltr'>permulta</span> <span class='ocrx_word' id='word_1_308' title='bbox 957 4223 1029 4292; x_wconf 87' lang='lat' dir='ltr'>apud</span> <span class='ocrx_word' id='word_1_309' title='bbox 1046 4219 1208 4280; x_wconf 81' lang='lat' dir='ltr'>recentiores</span> <span class='ocrx_word' id='word_1_310' title='bbox 1227 4224 1388 4280; x_wconf 85' lang='lat' dir='ltr'>scholiastes</span> 
     </span>
     <span class='ocr_line' id='line_1_38' title="bbox 275 4302 1161 4385; baseline 0.007 -27"><span class='ocrx_word' id='word_1_311' title='bbox 275 4302 413 4372; x_wconf 75' lang='lat' dir='ltr'>exempla,</span> <span class='ocrx_word' id='word_1_312' title='bbox 438 4304 487 4356; x_wconf 70' lang='lat' dir='ltr'>rna</span> <span class='ocrx_word' id='word_1_313' title='bbox 503 4311 563 4365; x_wconf 81' lang='grc' dir='ltr'><strong><em>ταῖς</em></strong></span> <span class='ocrx_word' id='word_1_314' title='bbox 581 4306 737 4361; x_wconf 56' lang='lat' dir='ltr'>duodicem</span> <span class='ocrx_word' id='word_1_315' title='bbox 756 4311 804 4361; x_wconf 83' lang='grc' dir='ltr'>καὶ</span> <span class='ocrx_word' id='word_1_316' title='bbox 823 4314 861 4377; x_wconf 77' lang='grc' dir='ltr'>τῷ</span> <span class='ocrx_word' id='word_1_317' title='bbox 876 4312 946 4362; x_wconf 74' lang='grc' dir='ltr'><strong><em>τέλει</em></strong></span> <span class='ocrx_word' id='word_1_318' title='bbox 966 4308 1161 4385; x_wconf 77' lang='grc' dir='ltr'><strong><em>παράμριιφος,</em></strong></span> 
     </span>
    </p>
   </div>
   <div class='ocr_carea' id='block_1_6' title="bbox 0 0 1576 4984">
    <p class='ocr_par' dir='ltr' id='par_1_6' title="bbox 0 0 1576 4984">
     <span class='ocr_line' id='line_1_39' title="bbox 0 0 1576 4984; baseline 0 0"><span class='ocrx_word' id='word_1_319' title='bbox 0 0 1576 4984; x_wconf 95' lang='lat' dir='ltr'> </span> 
     </span>
    </p>
   </div>
  </div>
 </body>
</html>
