<?xml version="1.0" encoding="UTF-8"?>
<!DOCTYPE html PUBLIC "-//W3C//DTD XHTML 1.0 Transitional//EN"
    "http://www.w3.org/TR/xhtml1/DTD/xhtml1-transitional.dtd">
<html xmlns="http://www.w3.org/1999/xhtml" xml:lang="en" lang="en">
 <head>
  <title>
</title>
<meta http-equiv="Content-Type" content="text/html;charset=utf-8" />
  <meta name='ocr-system' content='tesseract 3.04.00' />
  <meta name='ocr-capabilities' content='ocr_page ocr_carea ocr_par ocr_line ocrx_word'/>
</head>
<body>
  <div class='ocr_page' id='page_1' title='image "./colometriaearis00unkngoog_0084.png"; bbox 0 0 3134 4984; ppageno 0'>
   <div class='ocr_carea' id='block_1_1' title="bbox 262 257 949 322">
    <p class='ocr_par' dir='ltr' id='par_1_1' title="bbox 262 257 949 322">
     <span class='ocr_line' id='line_1_1' title="bbox 262 257 949 322; baseline -0.004 -4"><span class='ocrx_word' id='word_1_1' title='bbox 262 262 297 318; x_wconf 74' lang='lat'><em>72</em></span> <span class='ocrx_word' id='word_1_2' title='bbox 588 311 594 322; x_wconf 85' lang='lat'><em>,</em></span> <span class='ocrx_word' id='word_1_3' title='bbox 689 259 797 315; x_wconf 76' lang='lat' dir='ltr'><strong>Scholia</strong></span> <span class='ocrx_word' id='word_1_4' title='bbox 814 257 844 313; x_wconf 88' lang='lat' dir='ltr'><em>in</em></span> <span class='ocrx_word' id='word_1_5' title='bbox 862 274 949 315; x_wconf 80' lang='lat' dir='ltr'>ranas.</span> 
     </span>
    </p>
   </div>
   <div class='ocr_carea' id='block_1_2' title="bbox 258 411 1369 1129">
    <p class='ocr_par' dir='ltr' id='par_1_2' title="bbox 258 411 1369 1129">
     <span class='ocr_line' id='line_1_2' title="bbox 259 411 1369 505; baseline -0.003 -19"><span class='ocrx_word' id='word_1_6' title='bbox 259 417 295 486; x_wconf 73' lang='grc' dir='ltr'><em>ἐκ</em></span> <span class='ocrx_word' id='word_1_7' title='bbox 311 424 424 505; x_wconf 78' lang='grc' dir='ltr'><em>χοροῦ,</em></span> <span class='ocrx_word' id='word_1_8' title='bbox 447 414 491 497; x_wconf 86' lang='grc' dir='ltr'><em>ὡς</em></span> <span class='ocrx_word' id='word_1_9' title='bbox 513 413 653 503; x_wconf 75' lang='grc' dir='ltr'><em>ἀνέγνων</em></span> <span class='ocrx_word' id='word_1_10' title='bbox 675 415 709 482; x_wconf 80' lang='grc' dir='ltr'><em>ἐν</em></span> <span class='ocrx_word' id='word_1_11' title='bbox 726 411 953 503; x_wconf 83' lang='grc' dir='ltr'><em>Ἀγαμέμνονι,</em></span> <span class='ocrx_word' id='word_1_12' title='bbox 974 411 1114 504; x_wconf 88' lang='grc' dir='ltr'><em>δράματι</em></span> <span class='ocrx_word' id='word_1_13' title='bbox 1128 412 1301 498; x_wconf 82' lang='grc' dir='ltr'><em>Αἰσχύλου.</em></span> <span class='ocrx_word' id='word_1_14' title='bbox 1329 414 1369 483; x_wconf 82' lang='grc' dir='ltr'><em>τὸ</em></span> 
     </span>
     <span class='ocr_line' id='line_1_3' title="bbox 258 516 1367 609; baseline -0.005 -19"><span class='ocrx_word' id='word_1_15' title='bbox 258 519 290 589; x_wconf 87' lang='grc' dir='ltr'><em>ε’</em></span> <span class='ocrx_word' id='word_1_16' title='bbox 314 519 428 607; x_wconf 79' lang='grc' dir='ltr'><em>ὅμοιον</em></span> <span class='ocrx_word' id='word_1_17' title='bbox 450 518 606 607; x_wconf 88' lang='grc' dir='ltr'><em>δίμετρον.</em></span> <span class='ocrx_word' id='word_1_18' title='bbox 629 516 699 586; x_wconf 78' lang='grc' dir='ltr'><em>έστι</em></span> <span class='ocrx_word' id='word_1_19' title='bbox 720 520 756 587; x_wconf 79' lang='grc' dir='ltr'><em>δὲ</em></span> <span class='ocrx_word' id='word_1_20' title='bbox 774 518 923 609; x_wconf 76' lang='grc' dir='ltr'><strong><em>ἡμιτελὲς</em></strong></span> <span class='ocrx_word' id='word_1_21' title='bbox 942 518 1093 588; x_wconf 73' lang='grc' dir='ltr'><em>ἐνταῦθα.</em></span> <span class='ocrx_word' id='word_1_22' title='bbox 1114 520 1228 607; x_wconf 83' lang='grc' dir='ltr'><em>τὸγὰρ</em></span> <span class='ocrx_word' id='word_1_23' title='bbox 1243 516 1367 588; x_wconf 79' lang='grc' dir='ltr'><em>τέλειόν</em></span> 
     </span>
     <span class='ocr_line' id='line_1_4' title="bbox 259 616 1368 713; baseline -0.002 -21"><span class='ocrx_word' id='word_1_24' title='bbox 259 624 366 709; x_wconf 64' lang='grc' dir='ltr'><em>ἐστιν,</em></span> <span class='ocrx_word' id='word_1_25' title='bbox 389 620 524 707; x_wconf 84' lang='grc' dir='ltr'><em>,,αἰ’σιον</em></span> <span class='ocrx_word' id='word_1_26' title='bbox 545 616 669 712; x_wconf 79' lang='grc' dir='ltr'><em>άνδριῖιν</em></span> <span class='ocrx_word' id='word_1_27' title='bbox 691 623 888 692; x_wconf 78' lang='grc' dir='ltr'><em>ἕκτελέων·“</em></span> <span class='ocrx_word' id='word_1_28' title='bbox 920 623 1002 712; x_wconf 79' lang='grc' dir='ltr'><em>ὅπερ</em></span> <span class='ocrx_word' id='word_1_29' title='bbox 1026 621 1248 713; x_wconf 77' lang='grc' dir='ltr'><em>ἓφθνγμιμερές</em></span> <span class='ocrx_word' id='word_1_30' title='bbox 1270 624 1368 691; x_wconf 78' lang='grc' dir='ltr'><em>ἐστιν.</em></span> 
     </span>
     <span class='ocr_line' id='line_1_5' title="bbox 259 723 1369 818; baseline -0.003 -21"><span class='ocrx_word' id='word_1_31' title='bbox 259 728 318 797; x_wconf 85' lang='grc' dir='ltr'><em>έπὶ</em></span> <span class='ocrx_word' id='word_1_32' title='bbox 341 735 387 818; x_wconf 75' lang='grc' dir='ltr'><em>τῷ</em></span> <span class='ocrx_word' id='word_1_33' title='bbox 411 727 496 796; x_wconf 85' lang='grc' dir='ltr'><em>τέλει</em></span> <span class='ocrx_word' id='word_1_34' title='bbox 518 723 741 817; x_wconf 84' lang='grc' dir='ltr'><em>παράγραφος.</em></span> <span class='ocrx_word' id='word_1_35' title='bbox 763 724 836 817; x_wconf 75' lang='grc' dir='ltr'><em>ἑξῆς</em></span> <span class='ocrx_word' id='word_1_36' title='bbox 855 728 891 795; x_wconf 79' lang='grc' dir='ltr'><em>δέ</em></span> <span class='ocrx_word' id='word_1_37' title='bbox 915 724 1061 816; x_wconf 78' lang='grc' dir='ltr'><em>σύστημα</em></span> <span class='ocrx_word' id='word_1_38' title='bbox 1084 727 1167 794; x_wconf 82' lang='grc' dir='ltr'><em>κατὰ</em></span> <span class='ocrx_word' id='word_1_39' title='bbox 1188 726 1369 816; x_wconf 78' lang='grc' dir='ltr'><em>περικοπὴν</em></span> 
     </span>
     <span class='ocr_line' id='line_1_6' title="bbox 258 825 1368 931; baseline -0.003 -30"><span class='ocrx_word' id='word_1_40' title='bbox 258 831 489 919; x_wconf 80' lang='grc' dir='ltr'><em>άνομοιομερές</em></span> <span class='ocrx_word' id='word_1_41' title='bbox 518 829 635 931; x_wconf 79' lang='grc' dir='ltr'><em>στίγων</em></span> <span class='ocrx_word' id='word_1_42' title='bbox 664 829 825 917; x_wconf 83' lang='grc' dir='ltr'><em>ἰαμβικῶν</em></span> <span class='ocrx_word' id='word_1_43' title='bbox 854 832 1032 919; x_wconf 82' lang='grc' dir='ltr'><em>τριμέτρων</em></span> <span class='ocrx_word' id='word_1_44' title='bbox 1069 825 1295 922; x_wconf 79' lang='grc' dir='ltr'><em>άκαταλήκτων</em></span> <span class='ocrx_word' id='word_1_45' title='bbox 1324 830 1368 913; x_wconf 82' lang='grc' dir='ltr'><em>έξ,</em></span> 
     </span>
     <span class='ocr_line' id='line_1_7' title="bbox 259 931 1369 1025; baseline -0.005 -21"><span class='ocrx_word' id='word_1_46' title='bbox 259 937 317 1004; x_wconf 80' lang='grc' dir='ltr'><em>ἐπὶ</em></span> <span class='ocrx_word' id='word_1_47' title='bbox 339 941 385 1025; x_wconf 65' lang='grc' dir='ltr'><em>τᾷ</em></span> <span class='ocrx_word' id='word_1_48' title='bbox 405 935 492 1003; x_wconf 90' lang='grc' dir='ltr'><em>τέλει</em></span> <span class='ocrx_word' id='word_1_49' title='bbox 514 936 739 1024; x_wconf 79' lang='grc' dir='ltr'><em>παράγραφος.</em></span> <span class='ocrx_word' id='word_1_50' title='bbox 784 933 936 1019; x_wconf 78' lang='grc' dir='ltr'><em>δ’μέντοι</em></span> <span class='ocrx_word' id='word_1_51' title='bbox 966 934 1057 1015; x_wconf 79' lang='grc' dir='ltr'><em>έκτος</em></span> <span class='ocrx_word' id='word_1_52' title='bbox 1085 933 1194 1017; x_wconf 84' lang='grc' dir='ltr'><em>στίχος</em></span> <span class='ocrx_word' id='word_1_53' title='bbox 1224 931 1257 1001; x_wconf 78' lang='grc' dir='ltr'><em>έν</em></span> <span class='ocrx_word' id='word_1_54' title='bbox 1283 955 1369 1000; x_wconf 91' lang='grc' dir='ltr'><em>τισιν</em></span> 
     </span>
     <span class='ocr_line' id='line_1_8' title="bbox 260 1030 871 1129; baseline -0.003 -21"><span class='ocrx_word' id='word_1_55' title='bbox 260 1033 296 1108; x_wconf 85' lang='grc' dir='ltr'><em>οἰ·</em></span> <span class='ocrx_word' id='word_1_56' title='bbox 318 1045 438 1107; x_wconf 89' lang='grc' dir='ltr'><em>κεῖται·</em></span> <span class='ocrx_word' id='word_1_57' title='bbox 466 1030 546 1123; x_wconf 82' lang='grc' dir='ltr'><em>οἷον,</em></span> <span class='ocrx_word' id='word_1_58' title='bbox 570 1037 627 1107; x_wconf 72' lang='grc' dir='ltr'><em>ἰ’θι</em></span> <span class='ocrx_word' id='word_1_59' title='bbox 648 1039 687 1129; x_wconf 80' lang='grc' dir='ltr'><em>δὴ</em></span> <span class='ocrx_word' id='word_1_60' title='bbox 709 1040 871 1126; x_wconf 60' lang='grc' dir='ltr'><em>πέραινελ</em></span> 
     </span>
    </p>
   </div>
   <div class='ocr_carea' id='block_1_3' title="bbox 247 1167 1370 1890">
    <p class='ocr_par' dir='ltr' id='par_1_3' title="bbox 247 1167 1370 1890">
     <span class='ocr_line' id='line_1_9' title="bbox 348 1167 1368 1263; baseline 0 -21"><span class='ocrx_word' id='word_1_61' title='bbox 348 1185 586 1245; x_wconf 80' lang='lat'><strong>1285-1295.</strong></span> <span class='ocrx_word' id='word_1_62' title='bbox 634 1174 750 1262; x_wconf 84' lang='grc' dir='ltr'><em>[[ὅπως</em></span> <span class='ocrx_word' id='word_1_63' title='bbox 766 1169 929 1258; x_wconf 75' lang='grc' dir='ltr'><em>Ἀγαιῶνι</em></span> <span class='ocrx_word' id='word_1_64' title='bbox 951 1168 1041 1263; x_wconf 80' lang='grc' dir='ltr'><em>Ὠιδὶγ</em></span> <span class='ocrx_word' id='word_1_65' title='bbox 1056 1170 1168 1242; x_wconf 84' lang='grc' dir='ltr'><em>κώλων</em></span> <span class='ocrx_word' id='word_1_66' title='bbox 1190 1170 1245 1242; x_wconf 87' lang='grc' dir='ltr'><em>ιδ’.</em></span> <span class='ocrx_word' id='word_1_67' title='bbox 1268 1167 1313 1241; x_wconf 79' lang='grc' dir='ltr'><em>ὧν</em></span> <span class='ocrx_word' id='word_1_68' title='bbox 1329 1174 1368 1242; x_wconf 88' lang='grc' dir='ltr'><em>τὸ</em></span> 
     </span>
     <span class='ocr_line' id='line_1_10' title="bbox 258 1275 1369 1371; baseline -0.002 -24"><span class='ocrx_word' id='word_1_69' title='bbox 258 1284 387 1371; x_wconf 72' lang='grc' dir='ltr'><em>πρῶτον</em></span> <span class='ocrx_word' id='word_1_70' title='bbox 409 1278 561 1366; x_wconf 73' lang='grc' dir='ltr'><em>ἰαμβικὸν</em></span> <span class='ocrx_word' id='word_1_71' title='bbox 582 1278 814 1370; x_wconf 75' lang='grc' dir='ltr'><em>ἑφθημιμερές.</em></span> <span class='ocrx_word' id='word_1_72' title='bbox 841 1279 880 1348; x_wconf 86' lang='grc' dir='ltr'><em>τὸ</em></span> <span class='ocrx_word' id='word_1_73' title='bbox 903 1275 936 1365; x_wconf 75' lang='grc' dir='ltr'><em>β’</em></span> <span class='ocrx_word' id='word_1_74' title='bbox 961 1276 1198 1347; x_wconf 86' lang='grc' dir='ltr'><em>άναπαιστικὸν</em></span> <span class='ocrx_word' id='word_1_75' title='bbox 1223 1275 1369 1368; x_wconf 74' lang='grc' dir='ltr'><em>ἓφθνγμι-</em></span> 
     </span>
     <span class='ocr_line' id='line_1_11' title="bbox 256 1379 1368 1475; baseline -0.001 -23"><span class='ocrx_word' id='word_1_76' title='bbox 256 1385 362 1475; x_wconf 80' lang='grc' dir='ltr'><em>μερίς.</em></span> <span class='ocrx_word' id='word_1_77' title='bbox 389 1385 428 1453; x_wconf 89' lang='grc' dir='ltr'><em>τὸ</em></span> <span class='ocrx_word' id='word_1_78' title='bbox 450 1384 484 1453; x_wconf 82' lang='grc' dir='ltr'><em>δ’</em></span> <span class='ocrx_word' id='word_1_79' title='bbox 505 1384 695 1453; x_wconf 84' lang='grc' dir='ltr'><em>δακτυλικὸν</em></span> <span class='ocrx_word' id='word_1_80' title='bbox 718 1383 971 1473; x_wconf 78' lang='grc' dir='ltr'><em>πενθιγμιμερές.</em></span> <span class='ocrx_word' id='word_1_81' title='bbox 1014 1382 1051 1451; x_wconf 88' lang='grc' dir='ltr'><em>τὸ</em></span> <span class='ocrx_word' id='word_1_82' title='bbox 1074 1383 1105 1448; x_wconf 83' lang='grc' dir='ltr'><em>ε’</em></span> <span class='ocrx_word' id='word_1_83' title='bbox 1128 1379 1368 1471; x_wconf 82' lang='grc' dir='ltr'><em>Φερεκράτειον.</em></span> 
     </span>
     <span class='ocr_line' id='line_1_12' title="bbox 257 1480 1369 1578; baseline -0.001 -24"><span class='ocrx_word' id='word_1_84' title='bbox 257 1489 295 1555; x_wconf 84' lang='grc' dir='ltr'><em>τὸ</em></span> <span class='ocrx_word' id='word_1_85' title='bbox 319 1484 347 1571; x_wconf 84' lang='grc' dir='ltr'><em>ζ’</em></span> <span class='ocrx_word' id='word_1_86' title='bbox 369 1486 537 1578; x_wconf 89' lang='grc' dir='ltr'><em>τρίμετρον</em></span> <span class='ocrx_word' id='word_1_87' title='bbox 564 1480 791 1578; x_wconf 82' lang='grc' dir='ltr'><em>άκατάληκτον.</em></span> <span class='ocrx_word' id='word_1_88' title='bbox 826 1487 864 1557; x_wconf 84' lang='grc' dir='ltr'><em>τὸ</em></span> <span class='ocrx_word' id='word_1_89' title='bbox 886 1488 920 1577; x_wconf 82' lang='grc' dir='ltr'><em>η’</em></span> <span class='ocrx_word' id='word_1_90' title='bbox 951 1485 1107 1573; x_wconf 87' lang='grc' dir='ltr'><em>δίμετρυν.</em></span> <span class='ocrx_word' id='word_1_91' title='bbox 1143 1487 1182 1554; x_wconf 90' lang='grc' dir='ltr'><em>τὸ</em></span> <span class='ocrx_word' id='word_1_92' title='bbox 1205 1489 1231 1554; x_wconf 89' lang='grc' dir='ltr'><em>ι’</em></span> <span class='ocrx_word' id='word_1_93' title='bbox 1253 1485 1369 1570; x_wconf 79' lang='grc' dir='ltr'><em>ὅμοιον</em></span> 
     </span>
     <span class='ocr_line' id='line_1_13' title="bbox 257 1584 1370 1680; baseline -0.002 -21"><span class='ocrx_word' id='word_1_94' title='bbox 257 1596 305 1680; x_wconf 75' lang='grc' dir='ltr'><em>τῷ</em></span> <span class='ocrx_word' id='word_1_95' title='bbox 328 1589 373 1658; x_wconf 82' lang='grc' dir='ltr'><em>α’.</em></span> <span class='ocrx_word' id='word_1_96' title='bbox 398 1592 436 1659; x_wconf 85' lang='grc' dir='ltr'><em>τὸ</em></span> <span class='ocrx_word' id='word_1_97' title='bbox 458 1592 504 1658; x_wconf 84' lang='grc' dir='ltr'><em>ια’</em></span> <span class='ocrx_word' id='word_1_98' title='bbox 528 1591 640 1678; x_wconf 82' lang='grc' dir='ltr'><em>ὅμοιον</em></span> <span class='ocrx_word' id='word_1_99' title='bbox 660 1598 707 1680; x_wconf 75' lang='grc' dir='ltr'><em>τῷ</em></span> <span class='ocrx_word' id='word_1_100' title='bbox 728 1589 771 1677; x_wconf 82' lang='grc' dir='ltr'><em>β’.</em></span> <span class='ocrx_word' id='word_1_101' title='bbox 805 1592 842 1660; x_wconf 85' lang='grc' dir='ltr'><em>τὸ</em></span> <span class='ocrx_word' id='word_1_102' title='bbox 863 1587 912 1677; x_wconf 80' lang='grc' dir='ltr'><em>ιβ’</em></span> <span class='ocrx_word' id='word_1_103' title='bbox 936 1584 1194 1659; x_wconf 81' lang='grc' dir='ltr'><em>άντισπαστικδν</em></span> <span class='ocrx_word' id='word_1_104' title='bbox 1218 1590 1370 1678; x_wconf 88' lang='grc' dir='ltr'><em>δίμετρον</em></span> 
     </span>
     <span class='ocr_line' id='line_1_14' title="bbox 247 1691 1370 1784; baseline 0 -22"><span class='ocrx_word' id='word_1_105' title='bbox 247 1691 473 1784; x_wconf 76' lang='grc' dir='ltr'><em>’άκατάλιγκτον</em></span> <span class='ocrx_word' id='word_1_106' title='bbox 502 1695 754 1782; x_wconf 84' lang='grc' dir='ltr'><em>ε’πιμεμιγμένον</em></span> <span class='ocrx_word' id='word_1_107' title='bbox 785 1695 965 1783; x_wconf 69' lang='grc' dir='ltr'><em>διτροχαίιμζ</em></span> <span class='ocrx_word' id='word_1_108' title='bbox 1002 1695 1060 1762; x_wconf 73' lang='grc' dir='ltr'><em>ε’πὶ</em></span> <span class='ocrx_word' id='word_1_109' title='bbox 1081 1701 1130 1783; x_wconf 75' lang='grc' dir='ltr'><em>τῷ</em></span> <span class='ocrx_word' id='word_1_110' title='bbox 1151 1695 1236 1763; x_wconf 90' lang='grc' dir='ltr'><em>τέλει</em></span> <span class='ocrx_word' id='word_1_111' title='bbox 1259 1691 1370 1784; x_wconf 90' lang='grc' dir='ltr'><em>παρά-</em></span> 
     </span>
     <span class='ocr_line' id='line_1_15' title="bbox 255 1792 1302 1890; baseline -0.001 -24"><span class='ocrx_word' id='word_1_112' title='bbox 255 1824 386 1890; x_wconf 84' lang='grc' dir='ltr'><em>γραφος.</em></span> <span class='ocrx_word' id='word_1_113' title='bbox 430 1800 468 1869; x_wconf 88' lang='grc' dir='ltr'><em>τὸ</em></span> <span class='ocrx_word' id='word_1_114' title='bbox 481 1793 525 1867; x_wconf 75' lang='grc' dir='ltr'><em>,δ’</em></span> <span class='ocrx_word' id='word_1_115' title='bbox 549 1800 699 1889; x_wconf 76' lang='grc' dir='ltr'><em>ἐφύμνιον</em></span> <span class='ocrx_word' id='word_1_116' title='bbox 719 1799 871 1888; x_wconf 78' lang='grc' dir='ltr'><em>δίμοιρον</em></span> <span class='ocrx_word' id='word_1_117' title='bbox 887 1797 1037 1885; x_wconf 82' lang='grc' dir='ltr'><em>ἰαμβικὸν</em></span> <span class='ocrx_word' id='word_1_118' title='bbox 1056 1792 1302 1889; x_wconf 57' lang='grc' dir='ltr'><em>άκατάληκτονλ]</em></span> 
     </span>
    </p>
   </div>
   <div class='ocr_carea' id='block_1_4' title="bbox 255 1936 1370 3014">
    <p class='ocr_par' dir='ltr' id='par_1_4' title="bbox 257 1936 1370 2236">
     <span class='ocr_line' id='line_1_16' title="bbox 347 1936 1369 2028; baseline 0.001 -24"><span class='ocrx_word' id='word_1_119' title='bbox 347 1948 430 2006; x_wconf 77' lang='grc'>1296</span> <span class='ocrx_word' id='word_1_120' title='bbox 443 1979 478 1990; x_wconf 92' lang='grc'>-</span> <span class='ocrx_word' id='word_1_121' title='bbox 492 1947 585 2006; x_wconf 87' lang='grc'><strong>1308.</strong></span> <span class='ocrx_word' id='word_1_122' title='bbox 632 1936 691 2026; x_wconf 78' lang='grc' dir='ltr'><em>[[τί</em></span> <span class='ocrx_word' id='word_1_123' title='bbox 713 1938 751 2005; x_wconf 88' lang='grc' dir='ltr'><em>τὸ</em></span> <span class='ocrx_word' id='word_1_124' title='bbox 773 1938 1010 2028; x_wconf 74' lang='grc' dir='ltr'><em>φλαττόθραττ</em></span> <span class='ocrx_word' id='word_1_125' title='bbox 1030 1938 1179 2028; x_wconf 81' lang='grc' dir='ltr'><em>Σίστημα</em></span> <span class='ocrx_word' id='word_1_126' title='bbox 1202 1937 1283 2004; x_wconf 88' lang='grc' dir='ltr'><em>κατὰ</em></span> <span class='ocrx_word' id='word_1_127' title='bbox 1307 1964 1369 2005; x_wconf 85' lang='grc' dir='ltr'><em>πε-</em></span> 
     </span>
     <span class='ocr_line' id='line_1_17' title="bbox 257 2037 1370 2132; baseline 0.001 -24"><span class='ocrx_word' id='word_1_128' title='bbox 257 2042 395 2131; x_wconf 83' lang='grc' dir='ltr'><em>ρικοπὴν</em></span> <span class='ocrx_word' id='word_1_129' title='bbox 424 2041 652 2129; x_wconf 79' lang='grc' dir='ltr'><em>άνομοιομερές</em></span> <span class='ocrx_word' id='word_1_130' title='bbox 675 2039 792 2124; x_wconf 79' lang='grc' dir='ltr'><em>στίχων</em></span> <span class='ocrx_word' id='word_1_131' title='bbox 822 2040 981 2127; x_wconf 79' lang='grc' dir='ltr'><em>ἰαμβικιῦν</em></span> <span class='ocrx_word' id='word_1_132' title='bbox 1009 2045 1186 2131; x_wconf 82' lang='grc' dir='ltr'><em>τριμέτρων</em></span> <span class='ocrx_word' id='word_1_133' title='bbox 1207 2037 1370 2132; x_wconf 80' lang='grc' dir='ltr'><em>ἀκαταλή-</em></span> 
     </span>
     <span class='ocr_line' id='line_1_18' title="bbox 257 2142 1285 2236; baseline 0.001 -24"><span class='ocrx_word' id='word_1_134' title='bbox 257 2172 339 2213; x_wconf 91' lang='grc' dir='ltr'><em>κτων</em></span> <span class='ocrx_word' id='word_1_135' title='bbox 361 2145 417 2232; x_wconf 84' lang='grc' dir='ltr'><em>ιγ’.</em></span> <span class='ocrx_word' id='word_1_136' title='bbox 449 2144 509 2213; x_wconf 80' lang='grc' dir='ltr'><em>ἰπὶ</em></span> <span class='ocrx_word' id='word_1_137' title='bbox 531 2153 577 2234; x_wconf 81' lang='grc' dir='ltr'><em>τῷ</em></span> <span class='ocrx_word' id='word_1_138' title='bbox 597 2145 682 2213; x_wconf 84' lang='grc' dir='ltr'><em>τέλει</em></span> <span class='ocrx_word' id='word_1_139' title='bbox 706 2142 948 2236; x_wconf 80' lang='grc' dir='ltr'><em>παράγραφος.]]</em></span> <span class='ocrx_word' id='word_1_140' title='bbox 1282 2150 1285 2153; x_wconf 74' lang='grc'>’</span> 
     </span>
    </p>

    <p class='ocr_par' dir='ltr' id='par_1_5' title="bbox 347 2293 1368 2358">
     <span class='ocr_line' id='line_1_19' title="bbox 347 2293 1368 2358; baseline 0.002 -7"><span class='ocrx_word' id='word_1_141' title='bbox 347 2293 575 2352; x_wconf 84' lang='grc'><strong>1309-1369</strong></span> <span class='ocrx_word' id='word_1_142' title='bbox 579 2336 1368 2358; x_wconf 84' lang='grc'><strong>................</strong></span> 
     </span>
    </p>

    <p class='ocr_par' dir='ltr' id='par_1_6' title="bbox 255 2397 1370 3014">
     <span class='ocr_line' id='line_1_20' title="bbox 347 2397 1370 2493; baseline 0.003 -22"><span class='ocrx_word' id='word_1_143' title='bbox 347 2414 585 2474; x_wconf 82' lang='grc'><strong>1370-1377.</strong></span> <span class='ocrx_word' id='word_1_144' title='bbox 632 2403 816 2492; x_wconf 80' lang='grc' dir='ltr'><em>[[ἐπίπονοί</em></span> <span class='ocrx_word' id='word_1_145' title='bbox 843 2397 875 2492; x_wconf 68' lang='grc' dir='ltr'><em>γ’</em></span> <span class='ocrx_word' id='word_1_146' title='bbox 897 2402 928 2471; x_wconf 80' lang='grc' dir='ltr'><em>οἰ</em></span> <span class='ocrx_word' id='word_1_147' title='bbox 958 2402 1090 2485; x_wconf 73' lang='grc' dir='ltr'><em>δεξιοίτ</em></span> <span class='ocrx_word' id='word_1_148' title='bbox 1128 2402 1278 2493; x_wconf 77' lang='grc' dir='ltr'><em>Κορωνὶς</em></span> <span class='ocrx_word' id='word_1_149' title='bbox 1311 2407 1370 2474; x_wconf 85' lang='grc' dir='ltr'><em>καὶ</em></span> 
     </span>
     <span class='ocr_line' id='line_1_21' title="bbox 256 2503 1369 2602; baseline 0.002 -27"><span class='ocrx_word' id='word_1_150' title='bbox 256 2503 405 2589; x_wconf 81' lang='grc' dir='ltr'><em>εἰσθεσις</em></span> <span class='ocrx_word' id='word_1_151' title='bbox 426 2508 542 2593; x_wconf 89' lang='grc' dir='ltr'><em>μέλους</em></span> <span class='ocrx_word' id='word_1_152' title='bbox 570 2517 666 2599; x_wconf 78' lang='grc' dir='ltr'><em>χοροῦ</em></span> <span class='ocrx_word' id='word_1_153' title='bbox 689 2506 871 2599; x_wconf 79' lang='grc' dir='ltr'><em>προῳδική,</em></span> <span class='ocrx_word' id='word_1_154' title='bbox 912 2509 966 2575; x_wconf 86' lang='grc' dir='ltr'><em>διὰ</em></span> <span class='ocrx_word' id='word_1_155' title='bbox 991 2509 1029 2576; x_wconf 88' lang='grc' dir='ltr'><em>τὸ</em></span> <span class='ocrx_word' id='word_1_156' title='bbox 1060 2506 1290 2597; x_wconf 72' lang='grc' dir='ltr'><em>προτίθεσθαι</em></span> <span class='ocrx_word' id='word_1_157' title='bbox 1310 2516 1369 2602; x_wconf 82' lang='grc' dir='ltr'><em>τῆς</em></span> 
     </span>
     <span class='ocr_line' id='line_1_22' title="bbox 255 2609 1369 2702; baseline 0.004 -23"><span class='ocrx_word' id='word_1_158' title='bbox 255 2611 442 2701; x_wconf 79' lang='grc' dir='ltr'><em>κορωνίδος,</em></span> <span class='ocrx_word' id='word_1_159' title='bbox 481 2613 516 2682; x_wconf 75' lang='grc' dir='ltr'><em>ἐκ</em></span> <span class='ocrx_word' id='word_1_160' title='bbox 538 2609 646 2681; x_wconf 85' lang='grc' dir='ltr'><em>κώλων</em></span> <span class='ocrx_word' id='word_1_161' title='bbox 667 2618 843 2701; x_wconf 81' lang='grc' dir='ltr'><em>τροχαῖκῶν</em></span> <span class='ocrx_word' id='word_1_162' title='bbox 871 2613 1127 2699; x_wconf 73' lang='grc' dir='ltr'><em>ἐπιμεμιγμένων</em></span> <span class='ocrx_word' id='word_1_163' title='bbox 1153 2612 1293 2702; x_wconf 85' lang='grc' dir='ltr'><em>χορείοις</em></span> <span class='ocrx_word' id='word_1_164' title='bbox 1312 2616 1369 2683; x_wconf 85' lang='grc' dir='ltr'><em>καὶ</em></span> 
     </span>
     <span class='ocr_line' id='line_1_23' title="bbox 255 2709 1368 2808; baseline 0.004 -25"><span class='ocrx_word' id='word_1_165' title='bbox 255 2712 387 2802; x_wconf 75' lang='grc' dir='ltr'><em>ἰάμβοις</em></span> <span class='ocrx_word' id='word_1_166' title='bbox 407 2711 449 2805; x_wconf 81' lang='grc' dir='ltr'><em>η’.</em></span> <span class='ocrx_word' id='word_1_167' title='bbox 471 2709 516 2784; x_wconf 87' lang='grc' dir='ltr'><em>ὧν</em></span> <span class='ocrx_word' id='word_1_168' title='bbox 538 2717 579 2784; x_wconf 85' lang='grc' dir='ltr'><em>τὰ</em></span> <span class='ocrx_word' id='word_1_169' title='bbox 601 2716 636 2803; x_wconf 85' lang='grc' dir='ltr'><em>γ’</em></span> <span class='ocrx_word' id='word_1_170' title='bbox 658 2714 884 2807; x_wconf 73' lang='grc' dir='ltr'><em>έφδημιμερῆ·</em></span> <span class='ocrx_word' id='word_1_171' title='bbox 912 2716 954 2784; x_wconf 85' lang='grc' dir='ltr'><em>τά</em></span> <span class='ocrx_word' id='word_1_172' title='bbox 975 2710 1008 2785; x_wconf 79' lang='grc' dir='ltr'><em>δ’</em></span> <span class='ocrx_word' id='word_1_173' title='bbox 1029 2715 1110 2784; x_wconf 83' lang='grc' dir='ltr'><em>άλλα</em></span> <span class='ocrx_word' id='word_1_174' title='bbox 1132 2716 1267 2808; x_wconf 85' lang='grc' dir='ltr'><em>δίμετρα</em></span> <span class='ocrx_word' id='word_1_175' title='bbox 1290 2712 1368 2788; x_wconf 86' lang='grc' dir='ltr'><em>άκα-</em></span> 
     </span>
     <span class='ocr_line' id='line_1_24' title="bbox 255 2819 1369 2913; baseline 0.004 -26"><span class='ocrx_word' id='word_1_176' title='bbox 255 2819 409 2910; x_wconf 78' lang='grc' dir='ltr'><em>τάληκτα,</em></span> <span class='ocrx_word' id='word_1_177' title='bbox 447 2822 531 2911; x_wconf 77' lang='grc' dir='ltr'><em>πλὴν</em></span> <span class='ocrx_word' id='word_1_178' title='bbox 555 2828 612 2889; x_wconf 83' lang='grc' dir='ltr'><em>τοῦ</em></span> <span class='ocrx_word' id='word_1_179' title='bbox 641 2819 823 2889; x_wconf 79' lang='grc' dir='ltr'><em>τελευταίου</em></span> <span class='ocrx_word' id='word_1_180' title='bbox 855 2819 1073 2910; x_wconf 72' lang='grc' dir='ltr'><em>ἰθυφάλλικοῦ</em></span> <span class='ocrx_word' id='word_1_181' title='bbox 1098 2819 1196 2902; x_wconf 77' lang='grc' dir='ltr'><em>ὄντος.</em></span> <span class='ocrx_word' id='word_1_182' title='bbox 1240 2822 1299 2892; x_wconf 78' lang='grc' dir='ltr'><em>ε’πί</em></span> <span class='ocrx_word' id='word_1_183' title='bbox 1321 2831 1369 2913; x_wconf 77' lang='grc' dir='ltr'><em>τῷ</em></span> 
     </span>
     <span class='ocr_line' id='line_1_25' title="bbox 255 2921 524 3014; baseline 0 -24"><span class='ocrx_word' id='word_1_184' title='bbox 255 2923 340 2992; x_wconf 86' lang='grc' dir='ltr'><em>τέλει</em></span> <span class='ocrx_word' id='word_1_185' title='bbox 362 2921 524 3014; x_wconf 77' lang='grc' dir='ltr'><em>κορωνίς.]]</em></span> 
     </span>
    </p>
   </div>
   <div class='ocr_carea' id='block_1_5' title="bbox 255 3058 1368 3466">
    <p class='ocr_par' dir='ltr' id='par_1_7' title="bbox 255 3058 1368 3360">
     <span class='ocr_line' id='line_1_26' title="bbox 346 3058 1368 3152; baseline 0.005 -24"><span class='ocrx_word' id='word_1_186' title='bbox 346 3070 586 3131; x_wconf 83' lang='grc'><strong>1378-1481.</strong></span> <span class='ocrx_word' id='word_1_187' title='bbox 634 3058 714 3150; x_wconf 58' lang='lat' dir='ltr'><em>Um</em></span> <span class='ocrx_word' id='word_1_188' title='bbox 736 3068 791 3130; x_wconf 83' lang='grc' dir='ltr'><em>νῦν</em></span> <span class='ocrx_word' id='word_1_189' title='bbox 814 3059 1046 3148; x_wconf 68' lang='grc' dir='ltr'><em>παρίστασθον</em></span> <span class='ocrx_word' id='word_1_190' title='bbox 1065 3088 1073 3130; x_wconf 89' lang='lat'>:</span> <span class='ocrx_word' id='word_1_191' title='bbox 1103 3063 1254 3151; x_wconf 77' lang='grc' dir='ltr'><em>Κορωνὶς</em></span> <span class='ocrx_word' id='word_1_192' title='bbox 1272 3062 1368 3152; x_wconf 74' lang='grc' dir='ltr'><em>ἑτέρα</em></span> 
     </span>
     <span class='ocr_line' id='line_1_27' title="bbox 255 3161 1367 3258; baseline 0.004 -26"><span class='ocrx_word' id='word_1_193' title='bbox 255 3161 422 3233; x_wconf 82' lang='grc' dir='ltr'><em>εἰσιόντων</em></span> <span class='ocrx_word' id='word_1_194' title='bbox 445 3170 509 3233; x_wconf 85' lang='grc' dir='ltr'><em>τῶν</em></span> <span class='ocrx_word' id='word_1_195' title='bbox 535 3165 726 3254; x_wconf 76' lang='grc' dir='ltr'><em>ὑποκριτῶν.</em></span> <span class='ocrx_word' id='word_1_196' title='bbox 766 3163 798 3232; x_wconf 85' lang='grc' dir='ltr'><em>οἰ</em></span> <span class='ocrx_word' id='word_1_197' title='bbox 822 3166 859 3234; x_wconf 80' lang='grc' dir='ltr'><em>δὲ</em></span> <span class='ocrx_word' id='word_1_198' title='bbox 888 3164 994 3249; x_wconf 84' lang='grc' dir='ltr'><em>στίχοι</em></span> <span class='ocrx_word' id='word_1_199' title='bbox 1021 3164 1172 3252; x_wconf 83' lang='grc' dir='ltr'><em>ἰαμβικοὶ</em></span> <span class='ocrx_word' id='word_1_200' title='bbox 1202 3166 1367 3258; x_wconf 90' lang='grc' dir='ltr'><em>τρίμετροι</em></span> 
     </span>
     <span class='ocr_line' id='line_1_28' title="bbox 255 3261 851 3360; baseline 0.002 -23"><span class='ocrx_word' id='word_1_201' title='bbox 255 3263 474 3360; x_wconf 81' lang='grc' dir='ltr'><em>άκατάληκτοι</em></span> <span class='ocrx_word' id='word_1_202' title='bbox 494 3270 574 3359; x_wconf 84' lang='grc' dir='ltr'><em>ριε’·</em></span> <span class='ocrx_word' id='word_1_203' title='bbox 604 3261 647 3337; x_wconf 80' lang='grc' dir='ltr'><em>ὧν</em></span> <span class='ocrx_word' id='word_1_204' title='bbox 668 3273 851 3351; x_wconf 82' lang='grc' dir='ltr'><em>τελευταῖος</em></span> 
     </span>
    </p>

    <p class='ocr_par' dir='ltr' id='par_1_8' title="bbox 463 3389 1154 3466">
     <span class='ocr_line' id='line_1_29' title="bbox 463 3389 1154 3466; baseline -0.003 -19"><span class='ocrx_word' id='word_1_205' title='bbox 463 3390 496 3458; x_wconf 78' lang='grc' dir='ltr'><em>νὴ</em></span> <span class='ocrx_word' id='word_1_206' title='bbox 515 3389 565 3446; x_wconf 85' lang='grc' dir='ltr'><em>τὸν</em></span> <span class='ocrx_word' id='word_1_207' title='bbox 582 3392 648 3445; x_wconf 82' lang='grc' dir='ltr'><em>Δί’·</em></span> <span class='ocrx_word' id='word_1_208' title='bbox 667 3392 699 3446; x_wconf 83' lang='grc' dir='ltr'><em>οὐ</em></span> <span class='ocrx_word' id='word_1_209' title='bbox 719 3393 774 3463; x_wconf 85' lang='grc' dir='ltr'><em>γάρ</em></span> <span class='ocrx_word' id='word_1_210' title='bbox 794 3391 927 3465; x_wconf 52' lang='grc' dir='ltr'><em>ἄχθομαι,</em></span> <span class='ocrx_word' id='word_1_211' title='bbox 940 3398 978 3462; x_wconf 79' lang='grc' dir='ltr'><em>τῷ</em></span> <span class='ocrx_word' id='word_1_212' title='bbox 997 3390 1154 3466; x_wconf 81' lang='grc' dir='ltr'><em>πράγματι.</em></span> 
     </span>
    </p>
   </div>
   <div class='ocr_carea' id='block_1_6' title="bbox 256 3490 675 3582">
    <p class='ocr_par' dir='ltr' id='par_1_9' title="bbox 256 3490 675 3582">
     <span class='ocr_line' id='line_1_30' title="bbox 256 3490 675 3582; baseline -0.002 -21"><span class='ocrx_word' id='word_1_213' title='bbox 256 3492 314 3561; x_wconf 78' lang='grc' dir='ltr'><em>ἐπὶ</em></span> <span class='ocrx_word' id='word_1_214' title='bbox 335 3497 383 3581; x_wconf 75' lang='grc' dir='ltr'><em>τῷ</em></span> <span class='ocrx_word' id='word_1_215' title='bbox 404 3490 489 3561; x_wconf 78' lang='grc' dir='ltr'><em>τέλει</em></span> <span class='ocrx_word' id='word_1_216' title='bbox 511 3490 675 3582; x_wconf 64' lang='grc' dir='ltr'><em>κορμοῖς]</em></span> 
     </span>
    </p>
   </div>
   <div class='ocr_carea' id='block_1_7' title="bbox 253 3630 1367 4349">
    <p class='ocr_par' dir='ltr' id='par_1_10' title="bbox 253 3630 1367 4349">
     <span class='ocr_line' id='line_1_31' title="bbox 344 3630 1367 3723; baseline 0.007 -26"><span class='ocrx_word' id='word_1_217' title='bbox 344 3639 428 3700; x_wconf 81' lang='grc'><strong>1482</strong></span> <span class='ocrx_word' id='word_1_218' title='bbox 440 3672 481 3682; x_wconf 88' lang='grc'><strong>-</strong></span> <span class='ocrx_word' id='word_1_219' title='bbox 493 3640 586 3700; x_wconf 90' lang='grc'><strong>1499.</strong></span> <span class='ocrx_word' id='word_1_220' title='bbox 634 3630 816 3719; x_wconf 86' lang='grc' dir='ltr'><em>[[μακάριον</em></span> <span class='ocrx_word' id='word_1_221' title='bbox 832 3662 839 3698; x_wconf 89' lang='lat'>:</span> <span class='ocrx_word' id='word_1_222' title='bbox 863 3633 1011 3721; x_wconf 80' lang='grc' dir='ltr'><em>Κορωνὶς</em></span> <span class='ocrx_word' id='word_1_223' title='bbox 1035 3632 1088 3700; x_wconf 89' lang='grc' dir='ltr'><em>καὶ</em></span> <span class='ocrx_word' id='word_1_224' title='bbox 1104 3630 1253 3715; x_wconf 74' lang='grc' dir='ltr'><em>εἰσθεσις</em></span> <span class='ocrx_word' id='word_1_225' title='bbox 1266 3641 1367 3723; x_wconf 84' lang='grc' dir='ltr'><em>χοροῦ</em></span> 
     </span>
     <span class='ocr_line' id='line_1_32' title="bbox 253 3732 1365 3827; baseline 0.004 -25"><span class='ocrx_word' id='word_1_226' title='bbox 253 3732 416 3827; x_wconf 78' lang='grc' dir='ltr'><em>έπῳδική,</em></span> <span class='ocrx_word' id='word_1_227' title='bbox 454 3734 508 3804; x_wconf 83' lang='grc' dir='ltr'><em>διὰ</em></span> <span class='ocrx_word' id='word_1_228' title='bbox 543 3734 580 3801; x_wconf 86' lang='grc' dir='ltr'><em>τὸ</em></span> <span class='ocrx_word' id='word_1_229' title='bbox 610 3733 692 3821; x_wconf 87' lang='grc' dir='ltr'><em>μετὰ</em></span> <span class='ocrx_word' id='word_1_230' title='bbox 720 3736 777 3825; x_wconf 78' lang='grc' dir='ltr'><em>τὴν</em></span> <span class='ocrx_word' id='word_1_231' title='bbox 806 3735 963 3825; x_wconf 77' lang='grc' dir='ltr'><em>κορωνίδα</em></span> <span class='ocrx_word' id='word_1_232' title='bbox 998 3743 1147 3820; x_wconf 72' lang='grc' dir='ltr'><em>κεῖσθαι,</em></span> <span class='ocrx_word' id='word_1_233' title='bbox 1187 3737 1223 3805; x_wconf 75' lang='grc' dir='ltr'><em>ἐκ</em></span> <span class='ocrx_word' id='word_1_234' title='bbox 1253 3735 1365 3807; x_wconf 79' lang='grc' dir='ltr'><em>κώλων</em></span> 
     </span>
     <span class='ocr_line' id='line_1_33' title="bbox 253 3835 1366 3927; baseline 0.004 -20"><span class='ocrx_word' id='word_1_235' title='bbox 253 3845 433 3927; x_wconf 78' lang='grc' dir='ltr'><em>τροχαϊκῶν</em></span> <span class='ocrx_word' id='word_1_236' title='bbox 461 3838 720 3926; x_wconf 80' lang='grc' dir='ltr'><em>ἐπιμεμιγμένων</em></span> <span class='ocrx_word' id='word_1_237' title='bbox 746 3839 885 3926; x_wconf 87' lang='grc' dir='ltr'><em>χορείαις</em></span> <span class='ocrx_word' id='word_1_238' title='bbox 911 3840 967 3908; x_wconf 87' lang='grc' dir='ltr'><em>καὶ</em></span> <span class='ocrx_word' id='word_1_239' title='bbox 988 3836 1121 3927; x_wconf 77' lang='grc' dir='ltr'><em>ἰάμβοις</em></span> <span class='ocrx_word' id='word_1_240' title='bbox 1141 3841 1195 3909; x_wconf 89' lang='grc' dir='ltr'><em>καί</em></span> <span class='ocrx_word' id='word_1_241' title='bbox 1218 3835 1366 3912; x_wconf 88' lang='grc' dir='ltr'><em>άναπαί-</em></span> 
     </span>
     <span class='ocr_line' id='line_1_34' title="bbox 255 3936 1364 4037; baseline 0.003 -26"><span class='ocrx_word' id='word_1_242' title='bbox 255 3967 346 4024; x_wconf 85' lang='grc' dir='ltr'><em>στοις</em></span> <span class='ocrx_word' id='word_1_243' title='bbox 372 3944 529 4031; x_wconf 84' lang='grc' dir='ltr'><em>διμέτρων</em></span> <span class='ocrx_word' id='word_1_244' title='bbox 552 3937 791 4011; x_wconf 76' lang='grc' dir='ltr'><em>ὀκτωκαίδεκατ</em></span> <span class='ocrx_word' id='word_1_245' title='bbox 828 3936 872 4010; x_wconf 79' lang='grc' dir='ltr'><em>ὧν</em></span> <span class='ocrx_word' id='word_1_246' title='bbox 893 3946 934 4012; x_wconf 87' lang='grc' dir='ltr'><em>τοὶ</em></span> <span class='ocrx_word' id='word_1_247' title='bbox 956 3946 1016 4030; x_wconf 81' lang='grc' dir='ltr'><em>μὲν</em></span> <span class='ocrx_word' id='word_1_248' title='bbox 1038 3942 1083 4028; x_wconf 80' lang='grc' dir='ltr'><em>α’,</em></span> <span class='ocrx_word' id='word_1_249' title='bbox 1112 3942 1160 4032; x_wconf 81' lang='grc' dir='ltr'><em>β’,</em></span> <span class='ocrx_word' id='word_1_250' title='bbox 1190 3944 1222 4033; x_wconf 82' lang='grc' dir='ltr'><em>γ’</em></span> <span class='ocrx_word' id='word_1_251' title='bbox 1252 3943 1294 4037; x_wconf 81' lang='grc' dir='ltr'><em>ιγ’,</em></span> <span class='ocrx_word' id='word_1_252' title='bbox 1325 3949 1364 4033; x_wconf 90' lang='grc' dir='ltr'><em>ι’,</em></span> 
     </span>
     <span class='ocr_line' id='line_1_35' title="bbox 255 4044 1365 4140; baseline 0.004 -25"><span class='ocrx_word' id='word_1_253' title='bbox 255 4046 316 4129; x_wconf 85' lang='grc' dir='ltr'><em>ια’,</em></span> <span class='ocrx_word' id='word_1_254' title='bbox 346 4046 406 4133; x_wconf 85' lang='grc' dir='ltr'><em>ιβ’,</em></span> <span class='ocrx_word' id='word_1_255' title='bbox 436 4046 494 4130; x_wconf 84' lang='grc' dir='ltr'><em>ιδ’,</em></span> <span class='ocrx_word' id='word_1_256' title='bbox 526 4044 570 4113; x_wconf 84' lang='grc' dir='ltr'><em>ιε’</em></span> <span class='ocrx_word' id='word_1_257' title='bbox 591 4047 810 4135; x_wconf 81' lang='grc' dir='ltr'><em>καταληκτικδι</em></span> <span class='ocrx_word' id='word_1_258' title='bbox 841 4046 912 4138; x_wconf 65' lang='grc' dir='ltr'><em>ἤτοι</em></span> <span class='ocrx_word' id='word_1_259' title='bbox 939 4046 1148 4140; x_wconf 73' lang='grc' dir='ltr'><em>ἑφθνγμιμερῆ</em></span> <span class='ocrx_word' id='word_1_260' title='bbox 1170 4044 1365 4140; x_wconf 71' lang='grc' dir='ltr'><em>Εὐριπίδεια</em></span> 
     </span>
     <span class='ocr_line' id='line_1_36' title="bbox 254 4142 1366 4243; baseline 0.005 -26"><span class='ocrx_word' id='word_1_261' title='bbox 254 4150 275 4242; x_wconf 82' lang='grc' dir='ltr'>ἢ</span> <span class='ocrx_word' id='word_1_262' title='bbox 296 4146 451 4240; x_wconf 79' lang='grc' dir='ltr'><em>ληκίθια·</em></span> <span class='ocrx_word' id='word_1_263' title='bbox 473 4149 515 4217; x_wconf 84' lang='grc' dir='ltr'><em>τὰ</em></span> <span class='ocrx_word' id='word_1_264' title='bbox 536 4142 569 4217; x_wconf 78' lang='grc' dir='ltr'><em>δ’</em></span> <span class='ocrx_word' id='word_1_265' title='bbox 592 4147 673 4217; x_wconf 84' lang='grc' dir='ltr'><em>άλλα</em></span> <span class='ocrx_word' id='word_1_266' title='bbox 696 4143 918 4240; x_wconf 71' lang='grc' dir='ltr'><em>άκατάλιγκτα,</em></span> <span class='ocrx_word' id='word_1_267' title='bbox 943 4153 1027 4243; x_wconf 76' lang='grc' dir='ltr'><em>πλὴν</em></span> <span class='ocrx_word' id='word_1_268' title='bbox 1049 4162 1106 4220; x_wconf 83' lang='grc' dir='ltr'><em>τοῦ</em></span> <span class='ocrx_word' id='word_1_269' title='bbox 1126 4151 1168 4222; x_wconf 71' lang='grc' dir='ltr'><em>δ’</em></span> <span class='ocrx_word' id='word_1_270' title='bbox 1191 4157 1246 4221; x_wconf 87' lang='grc' dir='ltr'><em>καὶ</em></span> <span class='ocrx_word' id='word_1_271' title='bbox 1260 4158 1366 4223; x_wconf 88' lang='grc' dir='ltr'><em>τελευ-</em></span> 
     </span>
     <span class='ocr_line' id='line_1_37' title="bbox 254 4252 1363 4349; baseline 0.004 -27"><span class='ocrx_word' id='word_1_272' title='bbox 254 4252 346 4323; x_wconf 90' lang='grc' dir='ltr'><em>ταιόυ</em></span> <span class='ocrx_word' id='word_1_273' title='bbox 369 4255 676 4345; x_wconf 80' lang='grc' dir='ltr'><em>βραχυκαταλήκτων</em></span> <span class='ocrx_word' id='word_1_274' title='bbox 699 4252 933 4347; x_wconf 78' lang='grc' dir='ltr'><em>ἰθυφάλλικῶν.</em></span> <span class='ocrx_word' id='word_1_275' title='bbox 957 4257 1016 4324; x_wconf 79' lang='grc' dir='ltr'><em>ἐπὶ</em></span> <span class='ocrx_word' id='word_1_276' title='bbox 1038 4266 1084 4347; x_wconf 81' lang='grc' dir='ltr'><em>τῷ</em></span> <span class='ocrx_word' id='word_1_277' title='bbox 1101 4259 1185 4327; x_wconf 88' lang='grc' dir='ltr'><em>τέλει</em></span> <span class='ocrx_word' id='word_1_278' title='bbox 1199 4257 1363 4349; x_wconf 73' lang='grc' dir='ltr'><em>κορωνίς.]]</em></span> 
     </span>
    </p>
   </div>
   <div class='ocr_carea' id='block_1_8' title="bbox 0 0 1572 4984">
    <p class='ocr_par' dir='ltr' id='par_1_11' title="bbox 0 0 1572 4984">
     <span class='ocr_line' id='line_1_38' title="bbox 0 0 1572 4984; baseline 0 1"><span class='ocrx_word' id='word_1_279' title='bbox 0 0 1572 4984; x_wconf 95' lang='lat' dir='ltr'><em> </em></span> 
     </span>
    </p>
   </div>
  </div>
 </body>
</html>
