3134 4984
619 316 726 375 δολοῦν
742 318 772 373 in
788 317 862 374 Plut„
1259 319 1294 374 29

181 474 241 562 γὰρ
266 473 363 563 χορδν
393 470 513 564 ῶφειλε
535 479 661 558 θεῖναι,
699 474 754 543 καί
776 477 953 566 διατρῖψαι
978 472 1111 561 μικρόν,
1140 470 1232 563 άχρις
1253 470 1292 542 ῦν

180 603 233 657 τις
254 575 292 660 ἐξ
309 571 510 667 Ἀσκληπιοῦ
532 574 747 668 άναστρέψειε
768 581 829 670 τὴν
847 585 905 648 τοῦ
919 575 1068 647 Πλούτου
1083 576 1294 667 ἀπαγγέλλων

181 673 372 772 άνάβλεψιν.

269 802 466 869 627-640.
519 794 573 888 [[υί
600 803 742 868 πλεῖστα
777 797 958 891 Θησείοιςτ
985 798 1115 891 Ἕτερον
1151 799 1296 892 σύστημα

180 899 354 990 άμοιβαῖον
371 910 436 972 τῶν
456 901 650 993 ὑποκριτῶν.
685 902 751 973 εἶσί
771 905 808 972 δὲ
838 902 871 972 οἳ
899 911 1026 996 πρῶτοι
1048 901 1069 972 ί
1092 903 1195 989 στίχοι
1219 901 1296 991 ίαμ-

180 1007 271 1095 βικοί
298 1005 464 1099 τρίμετροι
490 1002 720 1097 άκατάληκτοι·
761 1007 799 1077 1δ
835 1006 1005 1090 ἑνδέκατος
1040 1002 1297 1090 άντισπαστικδς

180 1111 351 1202 τρίμετρος
386 1112 696 1202 βραχυκατάληκτος,
733 1113 985 1202 έπιμεμιχμένος
1014 1111 1171 1203 ἐπιτρίτῳ
1196 1110 1227 1200 β
1236 1137 1243 1151 ·
1277 1110 1296 1181 δ

181 1215 365 1297 δωδέκατος
394 1214 548 1303 ἰαμβικὸς
577 1214 761 1305 τρίμετρος·
796 1213 828 1284 ολ
859 1214 932 1308 ἑξῆς
964 1212 1021 1286 δύο
1044 1210 1296 1285 άντισπαστικοὶ

180 1318 348 1408 τρίμετροι
365 1319 660 1410 βραχυκατάληκτοι
679 1327 737 1388 τοῦ
753 1320 885 1409 πρῶτον
899 1322 1005 1402 ποδὸς
1019 1318 1296 1407 πεντασυλλάβυυ,

181 1422 331 1492 τουτέστι
358 1421 542 1514 διτροχαίυυ
573 1421 623 1514 (αλ
652 1424 712 1513 γὰρ
740 1431 887 1513 βραχεῖαι
915 1417 984 1492 κατ’
1009 1419 1110 1515 άρχδς
1139 1426 1297 1509 συλλαβαί

182 1526 258 1597 άντί
279 1533 357 1615 μιῦς
378 1535 504 1618 μακρᾶς
525 1527 801 1618 λοχιζέσθωσαν),
823 1534 881 1596 τοῦ
901 1528 937 1597 δὲ
959 1528 1109 1618 δευτέρου
1128 1526 1298 1619 ἐπιτρίτου

183 1631 339 1720 δευτέρου.
362 1630 421 1698 ἐπὶ
442 1636 489 1719 τῷ
510 1631 595 1700 τέλει
615 1627 841 1721 παράχραφος.
868 1629 1049 1722 σημείωσαι
1079 1630 1222 1700 ἐνταῦθα
1245 1630 1298 1702 δτι

183 1734 258 1804 δέον
276 1732 371 1822 χορὸν
391 1734 446 1802 διὰ
465 1733 565 1819 μέσον
588 1740 716 1819 θεῖναι,
737 1734 848 1823 μέχρις
863 1732 904 1803 ίίν
920 1734 1038 1803 ἐκεῖνοι
1053 1732 1087 1816 ἐς
1099 1730 1299 1826 Ἀσκληπιοῦ

184 1834 339 1919 ἐλθόντες
366 1834 586 1928 άναβλέψαιεν
614 1837 672 1906 τδν
701 1840 864 1922 Πλοῦτον,
902 1837 920 1907 ὁ
951 1839 987 1906 δὲ
1015 1845 1211 1930 παραχρῆμα
1241 1840 1299 1909 τὸν

184 1939 340 2030 Καρίωνα
368 1939 512 2032 εἰσφέρει
540 1935 780 2029 εύαγχελίζοντα
808 1948 878 2024 τοῖς
904 1941 1031 2032 χέρουσι
1062 1943 1142 2032 περὶ
1162 1950 1220 2033 τῆς
1240 1947 1299 2010 τοῦ

185 2042 337 2114 Πλούτου
365 2043 588 2135 άναβλέψεωςε
622 2045 759 2137 ἐποίησε
789 2045 826 2114 δέ
847 2053 944 2114 τοῦτο
967 2045 1029 2123 οίκ,
1046 2041 1184 2134 ἀλόγως,
1213 2039 1297 2114 άλλδι

185 2153 226 2241 τῇ
252 2176 288 2217 τε
314 2155 372 2239 τῆς
398 2147 471 2229 νέας
504 2151 675 2237 κωμῳδίας
701 2147 873 2240 συνηθείᾳ,
909 2150 942 2217 έν
981 2142 1001 2241 ᾗ
1028 2148 1062 2218 αλ
1091 2145 1298 2238 παραβάσεις

186 2249 389 2337 ἐπαύσαντο,
427 2251 472 2333 ὡς
499 2250 706 2343 προείρηται,
745 2253 802 2321 καί
824 2253 893 2340 άμα
916 2255 1022 2335 δείξαι
1041 2253 1234 2351 βουλόμενος
1254 2250 1299 2334 ῶς

186 2354 251 2446 άρα
271 2352 407 2439 τάχιστα
429 2351 518 2423 πάνυ
536 2353 553 2423 δ
577 2358 726 2437 Πλοῦτος
746 2353 953 2444 άνέβλεψενλ]

275 2499 469 2559 641-770.
516 2487 585 2578 βτίς
605 2487 624 2580 ἡ
647 2490 708 2581 βοή
731 2490 807 2558 ποτ’
828 2487 900 2557 ἐστί
915 2513 924 2558 :
937 2487 1089 2577 Κορωνὶς
1113 2486 1297 2558 ἐἰσιόντων

185 2593 385 2684 ὑποκριτῶν·
422 2592 455 2661 ολ
486 2593 523 2661 δὲ
557 2591 663 2677 στίχοι
694 2592 843 2681 ίαμβικοί
877 2592 1045 2682 τρίμετροι
1080 2590 1298 2684 άκατάληκτοι

186 2695 277 2789 ρλβ’·
300 2692 343 2766 ῶν
365 2701 547 2777 τελευταῖος

397 2818 454 2890 ἰχῶ
473 2820 497 2873 δ
519 2819 681 2886 ἀπαντῆσαί
697 2817 723 2889 χ’
741 2819 859 2878 ἐκείνοις
875 2816 1021 2888 βούλομαι.
1049 2852 1054 2863 ·

186 2921 246 2989 ἐπὶ
267 2920 353 2991 τέλει
374 2917 514 2990 ἑκάστου
534 2915 735 3009 συστήματος
757 2916 988 3012 παράχραφος·
1010 2920 1069 2988 ἐπὶ
1089 2921 1126 2988 δὲ
1152 2924 1199 3009 τῷ
1212 2920 1299 2990 τέλει

146 3096 154 3105 ,
187 3022 318 3094 πάντων
344 3033 409 3093 τῶν
437 3023 554 3110 στίχων
579 3021 728 3115 κορωνίς,
765 3023 822 3092 καί
850 3020 922 3114 ἑξῆς
945 3024 984 3091 τὸ
1017 3024 1215 3111 8κομμάτιον
1243 3030 1300 3094 τοῦ

185 3136 298 3221 χοροῦ·
321 3122 488 3198 κάνταῦθα
509 3129 569 3218 γὰρ
589 3134 688 3218 χοροῦ
708 3154 742 3196 τι
762 3128 861 3216 μέρος
878 3126 998 3218 ὤφειλε
1019 3132 1130 3197 θεῖναι
1152 3128 1208 3196 καὶ
1225 3131 1299 3198 δια-

187 3240 308 3323 τρῖψαι
327 3230 459 3325 μικρόν,
481 3230 572 3324 άχρις
592 3231 632 3300 δν
653 3229 671 3301 δ
694 3230 828 3321 Καρίων
850 3229 987 3313 ἐκείνοις
1008 3231 1223 3322 συμμίξειενλ]

278 3479 293 3534 1
316 3478 394 3534 Alius
411 3478 608 3534 Grammaticus
626 3475 662 3531 ad
678 3476 749 3531 hunc
764 3491 872 3531 versum
888 3477 1002 3531 annotat
1025 3473 1105 3531 haee:
1133 3479 1222 3547 λέγεις
1245 3494 1298 3549 μοι

184 3564 298 3641 χαράνε
320 3565 359 3620 Τὸ
380 3564 568 3638 συστημάτων
585 3570 667 3619 τοῦτο
684 3562 780 3619 κώλων
798 3565 856 3617 ἐστὶ
876 3563 909 3617 δ.
937 3561 969 3618 τό
989 3561 1013 3617 ιί
1032 3569 1180 3637 τρίμετρον
1197 3569 1299 3637 βραχυ-

187 3651 358 3721 κατάληνιτον
383 3653 413 3714 ἐξ
438 3650 641 3717 ἄντισπάστου,
670 3652 814 3725 ἐπιτρίτου
841 3651 972 3721 δευτέρου
1001 3652 1049 3703 καὶ
1074 3649 1126 3703 δύο
1145 3652 1299 3719 συλλαβῶν,

186 3738 360 3812 ἡμίσεως-
378 3739 445 3810 Reg.
466 3737 579 3810 ἡμίσεος
596 3767 630 3777 -
654 3735 744 3797 ποδὸς
769 3734 867 3789 οὐσῶν.
902 3734 976 3803 τόβ
1002 3735 1134 3806 ἰαμβικὸν
1152 3740 1300 3811 τρίμετρον

188 3823 388 3892 άκιιτιίληκτον.
420 3824 451 3878 τὸ
478 3829 572 3899 τρίτον
590 3826 636 3877 καὶ
653 3827 782 3896 τέταρτον
806 3828 938 3897 τρίμετρα
959 3821 1146 3887 καταληκτικὰ
1164 3821 1196 3873 ἐκ
1212 3818 1300 3876 παιιύ·

187 3929 244 3965 νων
259 3908 311 3965 δύο
332 3915 379 3965 καλ
397 3913 540 3978 συλλαβῶν
556 3915 642 3981 τριῶν
660 3912 816 3963 λειποοσῶν
834 3912 889 3979 μιᾷ
905 3909 1027 3979 συλλαβῇ
1045 3911 1086 3967 εἰς
1104 3904 1300 3981 ἀναπλήρωσιν

186 3999 292 4051 τελείου
311 3995 410 4057 ποδός.
429 4027 464 4036 -
481 3997 512 4050 ἐκ
528 3993 663 4050 παιάνων
680 3991 731 4048 δύο
749 3993 856 4047 Ησιοολ.
875 3996 984 4058 πατῶν,
1005 3991 1032 4045 δ’
1050 3988 1102 4046 δύο
1118 3991 1191 4046 lunt.
1222 3991 1299 4055 „Re-

185 4083 249 4153 giuss
267 4085 338 4137 recte
356 4079 489 4136 παιάνων
504 4079 645 4156 τετάρτων
669 4076 720 4134 δύο
729 4083 746 4110 “
762 4079 867 4143 Dfibn.;
884 4077 948 4133 fort.
968 4078 998 4130 ἐκ
1021 4082 1144 4139 παιῶνος
1160 4075 1299 4151 τετάρτου,

188 4167 325 4239 διιάμβου
344 4171 391 4223 καὶ
409 4171 555 4237 συλλαβῶν
579 4171 664 4242 τριῶν
690 4197 741 4231 -,
769 4164 865 4221 deinde
896 4164 1012 4219 fortasse
1039 4162 1236 4220 restituendum
1259 4166 1301 4219 ost

187 4254 339 4323 λειπούσης
355 4259 423 4327 μιᾶς
440 4257 576 4323 συλλαβῆς
678 4251 813 4309 Notum
830 4252 963 4308 scholium
986 4266 1038 4306 0111.
1061 4254 1092 4305 Θ.
1198 4251 1301 4307 3Ροολ

187 4358 213 4397 v.
233 4342 286 4398 770
303 4340 469 4410 adscriptum
487 4340 649 4415 κομμάτιον
662 4344 751 4411 χοροῦ
768 4339 799 4394 in
816 4339 850 4395 V.
873 4343 904 4394 Θ.
922 4339 988 4408 (non
1006 4335 1060 4408 6.).
