3134 4984
286 327 338 381 116

283 501 354 548 eam
375 480 656 565 penthemimerem
679 480 813 564 excipiat
835 481 1034 567 anapaestico
1054 482 1196 565 tripudia
1241 485 1391 551 similiter

283 589 496 671 ,σονῆπται“
526 602 637 650 versus
659 591 724 650 470
750 604 788 649 ex
818 584 972 670 dactylioo
994 587 1028 650 et
1051 588 1248 669 anapaestico
1270 608 1389 672 genere

285 688 485 771 compositus.
530 688 563 752 iu
592 682 818 773 ἀσιναρττγιων
839 685 1063 753 ἕπισυνδέτων
1088 693 1249 772 praeterea
1267 692 1388 758 haben·

252 817 255 822 ·
284 791 360 857 dum
385 793 436 856 est
463 791 497 855 in
520 789 618 855 sohel.
639 809 708 874 pao.
725 797 788 857 775
817 786 1081 875 ἐγκωμιολσγικδν
1110 789 1162 879 (τὸ
1189 793 1390 882 διπενθτγμι-

282 891 408 981 μερὲς),
447 892 486 958 ei.
506 893 607 977 Heph.
637 913 705 977 oap.
725 894 783 959 XV
818 891 881 973 ,ἐκ
909 894 1100 959 δακτυλικσῦ
1129 900 1391 984 πενδημιμερσῢς

283 993 339 1060 καὶ
362 991 512 1079 ἶαμβικοῦ
532 1001 588 1061 τοῦ
610 990 716 1074 ἴσοο“,
746 999 780 1062 et
798 1016 908 1064 versum
922 998 1075 1064 111462
1095 1018 1133 1063 11
1153 999 1336 1083 prosodiaoo
1356 1003 1391 1065 et

282 1099 418 1165 iamhioa
430 1100 676 1185 penthemimere
691 1100 876 1167 subsistens.
909 1099 1276 1187 δ1ἱ111,,σονημμένα“
1298 1103 1389 1168 inve-

282 1203 412 1270 niuntur
438 1202 472 1266 iu
500 1203 597 1268 sohol
620 1222 688 1285 pao.
711 1209 775 1267 856
805 1200 863 1267 odo
890 1198 1015 1267 Ἰωνικὰ
1044 1198 1249 1291 implumi]
1286 1208 1319 1271 et
1354 1205 1389 1269 iu

282 1306 547 1389 111101111775
581 1302 656 1391 τρία
682 1304 879 1390 χσριαμβικὰ
905 1301 1126 1393 ἓωθημιμερῆ,
1156 1308 1244 1372 ouius
1263 1310 1389 1392 generis

282 1412 315 1473 et
335 1409 526 1493 Hephaestio
554 1411 588 1474 iu
610 1408 670 1474 XV
690 1410 802 1494 eapitis
833 1409 895 1476 fine
918 1410 996 1475 faoit
1024 1410 1213 1475 mentionem
1240 1459 1259 1489 ‚‚
1266 1409 1322 1474 καὶ
1347 1409 1387 1475 τὸ

283 1508 320 1576 ἔκ
346 1515 565 1596 χοριαμβικῶν
601 1505 835 1598 ἓφθρμιμερῶν
867 1506 1149 1599 (ἀσινάρτηταν).“
1193 1533 1293 1597 neque
1325 1514 1389 1579 alia

282 1617 330 1682 ris
351 1617 445 1697 atque
467 1616 563 1680 verbe
595 1613 768 1680 συνάπτειν
795 1616 936 1682 suhioota
958 1619 1007 1682 est
1026 1616 1060 1681 in
1081 1618 1239 1682 veteribus
1260 1617 1389 1682 scholiis

281 1718 352 1786 vooi
381 1713 556 1801 ,συζυγίαν
576 1720 685 1782 ποιεῖν
695 1723 714 1752 “
740 1718 774 1783 id
797 1722 847 1785 est
868 1720 1119 1803 coniugatiouem
1147 1719 1280 1785 duorum
1301 1720 1389 1785 eolo·

281 1842 352 1889 mm
370 1822 404 1887 in
422 1841 522 1888 uuum
542 1841 684 1900 versum,
707 1823 1046 1902 1111111111457,
1068 1825 1123 1889 uhi
1143 1825 1269 1890 restitui
1290 1815 1336 1888 ὧν
1349 1821 1389 1889 τὸ

282 1932 415 2011 πρῶτον
429 1923 641 2009 χοριαμβικδν
660 1921 745 2013 (καὶ)
767 1923 806 1991 τδ
826 1919 863 2008 β’
882 1924 1104 2010 προσοδιακὸν
1125 1966 1167 1976 -
1188 1931 1279 1993 ποιεῖ
1300 1927 1388 2007 σοζιν

280 2025 361 2113 γίαν.
406 2027 551 2093 similiter
573 2029 606 2092 in
629 2028 726 2093 sohel.
746 2029 828 2093 Aah.
845 2036 908 2093 284
937 2030 1105 2113 legendum
1134 2033 1184 2096 est
1203 2027 1320 2112 δόχμια
1338 2029 1386 2114 β’,

282 2124 304 2194 δ
326 2133 419 2195 ποιεῖ
440 2126 586 2214 συζυγίαν
614 2127 669 2194 καὶ
696 2135 754 2215 τῆς
773 2129 923 2217 δευτέρας
945 2127 1088 2210 παίωνες
1118 2136 1212 2219 τρεῖς.
1225 2131 1294 2216 (καὶ
1318 2127 1388 2217 δίο)

282 2232 366 2298 κατὰ
386 2229 558 2316 διαίρεσιν,
579 2233 662 2300 uude
683 2236 815 2318 apparet
834 2235 913 2300 haee
934 2233 994 2300 duo
1019 2236 1093 2318 oola
1108 2237 1256 2320 paeonius
1270 2255 1333 2301 non
1353 2236 1388 2300 iu

280 2338 514 2420 pentametrum
542 2355 611 2402 esse
638 2337 854 2422 coniungenda
882 2338 937 2403 sed
966 2340 1000 2403 in
1026 2358 1124 2404 unum
1149 2359 1276 2405 versum
1299 2358 1386 2404 oom-

280 2442 434 2524 prehensa
462 2440 568 2506 fuisse.
612 2461 766 2525 nusquam
794 2443 901 2508 autem
929 2438 1085 2526 ,συζυγία
1095 2447 1115 2477 “
1141 2462 1202 2509 vox
1226 2444 1273 2508 ita
1294 2462 1387 2508 usur-

281 2547 392 2626 patur,
412 2545 449 2608 ut
466 2544 550 2609 idem
572 2544 678 2610 valeat
698 2545 780 2627 quod
804 2539 941 2609 διποδία
961 2545 1016 2610 aut
1034 2538 1141 2627 βάσις.

369 2646 612 2730 Progrediamur
633 2649 698 2714 iam
716 2649 757 2714 ad
777 2648 909 2714 alteram
925 2647 1144 2731 disputationis
1158 2651 1293 2734 partem,
1315 2669 1387 2731 qua,

282 2750 353 2833 quis
383 2750 478 2816 fuerit
499 2750 554 2816 ille
577 2753 721 2817 veterum
743 2752 933 2819 scholiorum
966 2753 1074 2817 auetor
1099 2751 1236 2818 breviter
1258 2753 1387 2817 demon-

282 2854 462 2919 strahimus.

370 2957 491 3026 Nomen
530 2959 637 3022 autem
680 2956 707 3021 si
746 2956 925 3038 quaerimus
964 2957 1047 3035 eius,
1092 2958 1152 3023 duo
1191 2958 1388 3024 conferamus

282 3060 417 3138 scholia,
448 3078 578 3146 quorum
609 3060 745 3126 alterum
768 3062 871 3126 exstat
896 3060 929 3124 in
951 3060 1012 3125 fine
1034 3061 1224 3126 scholiorum
1244 3081 1313 3146 pao.
1334 3055 1388 3147 ὑφ’

283 3152 477 3250 δκορωνίς,
515 3158 595 3249 ὑμὴν
616 3153 735 3244 ὑμέναί
758 3153 800 3237 ὦ,
828 3160 931 3239 οὕτως
947 3157 1166 3247 Ἡλιόδωρος,
1199 3163 1334 3228 alterum
1354 3163 1389 3227 in

282 3263 380 3330 sohel.
402 3284 486 3348 vesp.
506 3273 599 3343 1277,
627 3261 725 3328 Μετὰ
755 3267 852 3329 τοῦτο
880 3262 1054 3349 διάλειμμα
1080 3262 1195 3345 στίχων
1215 3304 1256 3313 -
1274 3259 1390 3329 Ἡλιό-

283 3365 401 3452 δωρος,
431 3386 510 3453 quae
537 3368 634 3433 verba
656 3366 708 3447 (of.
732 3367 864 3450 κωλομ.)
886 3368 984 3451 ipsius
1006 3369 1168 3434 Heliodori
1197 3368 1390 3434 111111111-

283 3469 400 3534 festum
422 3473 479 3535 est
521 3470 554 3535 id
577 3470 659 3555 quod
681 3471 812 3554 apparet
832 3471 883 3535 his
903 3470 1022 3536 duobus
1040 3472 1121 3556 (pao.
1136 3473 1169 3536 et
1183 3473 1282 3555 vesp.)
1297 3472 1390 3537 seho-

282 3572 352 3650 liis‚
391 3591 453 3637 non
487 3572 590 3654 ipsum
625 3572 832 3639 Heliodorum
862 3574 896 3637 iu
925 3575 1027 3639 metra
1053 3573 1284 3657 Aristophanes
1311 3594 1390 3657 quas

284 3676 469 3759 conseripsit
491 3676 709 3742 annotationes
737 3676 770 3740 in
792 3675 912 3742 soholia
940 3676 1153 3755 transtulisse,
1187 3677 1390 3743 confirmatur

285 3776 405 3840 duabus
428 3772 725 3861 subscriptionibus,
754 3797 887 3861 quarum
909 3778 1011 3845 altera
1030 3782 1132 3845 exstat
1159 3781 1193 3843 iu
1212 3781 1275 3845 fine
1297 3783 1400 3855 solio-t
1437 3777 1441 3780 ’

283 3879 399 3945 liorum
420 3900 489 3965 pao.
508 3880 666 3965 adscripta
683 3882 715 3945 in
731 3881 787 3960 V„
825 3875 1018 3946 κεκώλισται
1048 3879 1134 3967 πρὸς
1160 3881 1201 3945 τὰ
1226 3876 1390 3949 Ἡλιοδώ-

284 4004 356 4064 ρου,
379 3980 652 4069 παραγέγραπται
673 3981 709 4047 ἐκ
728 3981 868 4049 Φαείνοο
889 3982 944 4050 καὶ
957 3979 1146 4067 Σαμμοὶχοα,
1169 3986 1271 4051 altera
1289 3986 1391 4051 simil-

281 4084 359 4148 lima
400 4086 433 4149 in
470 4085 532 4151 fine
574 4086 720 4164 nubium,
761 4081 963 4151 κεκόλλισται
1010 4082 1045 4151 ἐκ
1081 4093 1146 4151 τῶν
1182 4083 1390 4174 Ἡλιοδώρου,

283 4184 555 4272 παραγέγραπται
586 4187 622 4253 ἐκ
654 4191 717 4252 τῶν
750 4186 889 4254 Φαείνσο
916 4188 970 4255 καὶ
998 4188 1169 4273 Σαμμάχου
1201 4188 1255 4254 καὶ
1284 4186 1391 4258 ἄλλων

281 4293 385 4358 τινῶν.
429 4309 501 4356 oum
529 4293 562 4356 in
584 4291 640 4357 illa
661 4295 747 4358 reete
775 4292 900 4375 legatur
924 4287 1127 4372 κεκώλισται,
1163 4294 1222 4358 hae
1248 4296 1282 4359 in
1314 4296 1392 4387 sub7
