<?xml version="1.0" encoding="UTF-8"?>
<!DOCTYPE html PUBLIC "-//W3C//DTD XHTML 1.0 Transitional//EN"
    "http://www.w3.org/TR/xhtml1/DTD/xhtml1-transitional.dtd">
<html xmlns="http://www.w3.org/1999/xhtml" xml:lang="en" lang="en">
 <head>
  <title>
</title>
<meta http-equiv="Content-Type" content="text/html;charset=utf-8" />
  <meta name='ocr-system' content='tesseract 3.04.00' />
  <meta name='ocr-capabilities' content='ocr_page ocr_carea ocr_par ocr_line ocrx_word'/>
</head>
<body>
  <div class='ocr_page' id='page_1' title='image "./colometriaearis00unkngoog_0058.png"; bbox 0 0 3134 4984; ppageno 0'>
   <div class='ocr_carea' id='block_1_1' title="bbox 307 310 994 374">
    <p class='ocr_par' dir='ltr' id='par_1_1' title="bbox 307 310 994 374">
     <span class='ocr_line' id='line_1_1' title="bbox 307 310 994 374; baseline 0.006 -4"><span class='ocrx_word' id='word_1_1' title='bbox 307 313 342 370; x_wconf 81' lang='grc'><strong><em>46</em></strong></span> <span class='ocrx_word' id='word_1_2' title='bbox 460 310 466 321; x_wconf 86' lang='grc'><strong><em>’</em></strong></span> <span class='ocrx_word' id='word_1_3' title='bbox 731 315 839 374; x_wconf 78' lang='lat' dir='ltr'>Scholia</span> <span class='ocrx_word' id='word_1_4' title='bbox 856 318 885 373; x_wconf 90' lang='lat' dir='ltr'><strong><em>in</em></strong></span> <span class='ocrx_word' id='word_1_5' title='bbox 902 317 994 374; x_wconf 73' lang='lat' dir='ltr'><strong>nubes.</strong></span> 
     </span>
    </p>
   </div>
   <div class='ocr_carea' id='block_1_2' title="bbox 306 466 1411 668">
    <p class='ocr_par' dir='ltr' id='par_1_2' title="bbox 306 466 1411 668">
     <span class='ocr_line' id='line_1_2' title="bbox 307 466 1411 565; baseline 0.003 -25"><span class='ocrx_word' id='word_1_6' title='bbox 307 474 402 553; x_wconf 77' lang='grc' dir='ltr'><strong><em>λως.ι</em></strong></span> <span class='ocrx_word' id='word_1_7' title='bbox 425 470 475 541; x_wconf 90' lang='grc' dir='ltr'><strong><em>ἰοῦ</em></strong></span> <span class='ocrx_word' id='word_1_8' title='bbox 496 469 556 541; x_wconf 90' lang='grc' dir='ltr'><strong><em>ἰοῦ.</em></strong></span> <span class='ocrx_word' id='word_1_9' title='bbox 578 473 694 562; x_wconf 89' lang='grc' dir='ltr'><strong><em>διπλῆ,</em></strong></span> <span class='ocrx_word' id='word_1_10' title='bbox 716 466 789 541; x_wconf 85' lang='grc' dir='ltr'><strong><em>εἶτα</em></strong></span> <span class='ocrx_word' id='word_1_11' title='bbox 811 474 881 564; x_wconf 84' lang='grc' dir='ltr'><strong><em>καί)</em></strong></span> <span class='ocrx_word' id='word_1_12' title='bbox 903 470 1059 554; x_wconf 74' lang='grc' dir='ltr'><strong><em>εἰσθεσις.</em></strong></span> <span class='ocrx_word' id='word_1_13' title='bbox 1081 471 1129 554; x_wconf 86' lang='grc' dir='ltr'><strong><em>εἰς</em></strong></span> <span class='ocrx_word' id='word_1_14' title='bbox 1144 472 1411 565; x_wconf 81' lang='grc' dir='ltr'><strong><em>προαναφιιίνησιν</em></strong></span> 
     </span>
     <span class='ocr_line' id='line_1_3' title="bbox 306 573 1352 668; baseline 0.004 -24"><span class='ocrx_word' id='word_1_15' title='bbox 306 576 344 645; x_wconf 93' lang='grc' dir='ltr'><strong><em>τὸ</em></strong></span> <span class='ocrx_word' id='word_1_16' title='bbox 365 573 416 645; x_wconf 91' lang='grc' dir='ltr'><strong><em>ἰοῦ</em></strong></span> <span class='ocrx_word' id='word_1_17' title='bbox 437 575 505 662; x_wconf 87' lang='grc' dir='ltr'><strong><em>ἰαῦ,</em></strong></span> <span class='ocrx_word' id='word_1_18' title='bbox 529 576 584 645; x_wconf 86' lang='grc' dir='ltr'><strong><em>καὶ</em></strong></span> <span class='ocrx_word' id='word_1_19' title='bbox 605 573 720 663; x_wconf 84' lang='grc' dir='ltr'><strong><em>ἰαμβοι</em></strong></span> <span class='ocrx_word' id='word_1_20' title='bbox 742 575 906 668; x_wconf 82' lang='grc' dir='ltr'><strong><em>τρίμετροι</em></strong></span> <span class='ocrx_word' id='word_1_21' title='bbox 934 574 983 646; x_wconf 68' lang='grc' dir='ltr'><strong><em>2ε’</em></strong></span> <span class='ocrx_word' id='word_1_22' title='bbox 1007 578 1040 646; x_wconf 81' lang='grc' dir='ltr'><strong><em>ἐν</em></strong></span> <span class='ocrx_word' id='word_1_23' title='bbox 1061 576 1241 647; x_wconf 74' lang='grc' dir='ltr'><strong><em>εἰσθέσει.8</em></strong></span> <span class='ocrx_word' id='word_1_24' title='bbox 1259 584 1298 648; x_wconf 60' lang='grc' dir='ltr'><strong>Κ</strong></span> <span class='ocrx_word' id='word_1_25' title='bbox 1313 582 1352 648; x_wconf 86' lang='lat' dir='ltr'><strong><em>V.</em></strong></span> 
     </span>
    </p>
   </div>
   <div class='ocr_carea' id='block_1_3' title="bbox 304 711 1451 2463">
    <p class='ocr_par' dir='ltr' id='par_1_3' title="bbox 304 711 1451 2463">
     <span class='ocr_line' id='line_1_4' title="bbox 397 711 1413 808; baseline 0.002 -26"><span class='ocrx_word' id='word_1_26' title='bbox 397 723 627 782; x_wconf 77' lang='grc'><strong>1206--1213,</strong></span> <span class='ocrx_word' id='word_1_27' title='bbox 670 715 779 804; x_wconf 83' lang='grc' dir='ltr'><em>μάκαρ</em></span> <span class='ocrx_word' id='word_1_28' title='bbox 800 711 827 783; x_wconf 82' lang='grc' dir='ltr'><strong><em>τὸ</em></strong></span> <span class='ocrx_word' id='word_1_29' title='bbox 845 714 1071 806; x_wconf 74' lang='grc' dir='ltr'><strong><em>Στρεψίαδεςε</em></strong></span> <span class='ocrx_word' id='word_1_30' title='bbox 1103 712 1281 804; x_wconf 73' lang='grc' dir='ltr'><strong><em>[[’Έκδεσις</em></strong></span> <span class='ocrx_word' id='word_1_31' title='bbox 1301 717 1338 785; x_wconf 78' lang='grc' dir='ltr'><strong><em>δὲ</em></strong></span> <span class='ocrx_word' id='word_1_32' title='bbox 1357 723 1413 808; x_wconf 89' lang='grc' dir='ltr'><strong><em>τῆς</em></strong></span> 
     </span>
     <span class='ocr_line' id='line_1_5' title="bbox 307 817 1412 911; baseline 0.001 -24"><span class='ocrx_word' id='word_1_33' title='bbox 307 821 428 908; x_wconf 78' lang='grc' dir='ltr'><strong><em>διπλῆς</em></strong></span> <span class='ocrx_word' id='word_1_34' title='bbox 462 818 630 909; x_wconf 81' lang='grc' dir='ltr'><strong><em>περιοδικῆ</em></strong></span> <span class='ocrx_word' id='word_1_35' title='bbox 659 817 708 901; x_wconf 87' lang='grc' dir='ltr'><strong><em>εἰς</em></strong></span> <span class='ocrx_word' id='word_1_36' title='bbox 742 819 841 905; x_wconf 80' lang='grc' dir='ltr'><strong><em>μέλος</em></strong></span> <span class='ocrx_word' id='word_1_37' title='bbox 868 821 1128 911; x_wconf 81' lang='grc' dir='ltr'><strong><em>μονοστροφικὸν</em></strong></span> <span class='ocrx_word' id='word_1_38' title='bbox 1156 826 1216 890; x_wconf 85' lang='grc' dir='ltr'><strong><em>τοῦ</em></strong></span> <span class='ocrx_word' id='word_1_39' title='bbox 1238 820 1412 910; x_wconf 77' lang='grc' dir='ltr'><strong><em>ὑποκριτοῦ</em></strong></span> 
     </span>
     <span class='ocr_line' id='line_1_6' title="bbox 310 916 1413 1014; baseline 0.001 -22"><span class='ocrx_word' id='word_1_40' title='bbox 310 916 531 1003; x_wconf 64' lang='grc' dir='ltr'><strong><em>*δκτάκωλος</em></strong></span> <span class='ocrx_word' id='word_1_41' title='bbox 552 916 596 990; x_wconf 79' lang='grc' dir='ltr'><strong><em>ὧν</em></strong></span> <span class='ocrx_word' id='word_1_42' title='bbox 617 921 656 990; x_wconf 94' lang='grc' dir='ltr'><strong><em>τὸ</em></strong></span> <span class='ocrx_word' id='word_1_43' title='bbox 678 927 809 1013; x_wconf 76' lang='grc' dir='ltr'><strong><em>πρῶτον</em></strong></span> <span class='ocrx_word' id='word_1_44' title='bbox 828 919 965 993; x_wconf 87' lang='grc' dir='ltr'><strong><em>Ἰωνικὸν</em></strong></span> <span class='ocrx_word' id='word_1_45' title='bbox 986 916 1245 1012; x_wconf 57' lang='grc' dir='ltr'><strong><em>άπῆέλάσσονος</em></strong></span> <span class='ocrx_word' id='word_1_46' title='bbox 1264 922 1413 1014; x_wconf 85' lang='grc' dir='ltr'><strong><em>δίμετρον</em></strong></span> 
     </span>
     <span class='ocr_line' id='line_1_7' title="bbox 307 1024 1414 1123; baseline -0.002 -27"><span class='ocrx_word' id='word_1_47' title='bbox 307 1026 554 1123; x_wconf 81' lang='grc' dir='ltr'><strong><em>καταληκτικόν·</em></strong></span> <span class='ocrx_word' id='word_1_48' title='bbox 575 1024 605 1093; x_wconf 85' lang='grc' dir='ltr'><strong><em>εἰ</em></strong></span> <span class='ocrx_word' id='word_1_49' title='bbox 620 1024 656 1094; x_wconf 80' lang='grc' dir='ltr'><strong><em>δέ</em></strong></span> <span class='ocrx_word' id='word_1_50' title='bbox 675 1027 799 1113; x_wconf 85' lang='grc' dir='ltr'><strong><em>βούλει,</em></strong></span> <span class='ocrx_word' id='word_1_51' title='bbox 822 1024 1061 1097; x_wconf 88' lang='grc' dir='ltr'><strong><em>άναπαιστικὸν</em></strong></span> <span class='ocrx_word' id='word_1_52' title='bbox 1084 1029 1332 1118; x_wconf 78' lang='grc' dir='ltr'><strong><em>πενθῆμιμερές.</em></strong></span> <span class='ocrx_word' id='word_1_53' title='bbox 1378 1027 1414 1095; x_wconf 89' lang='grc' dir='ltr'><strong><em>τὸ</em></strong></span> 
     </span>
     <span class='ocr_line' id='line_1_8' title="bbox 307 1123 1415 1223; baseline -0.002 -23"><span class='ocrx_word' id='word_1_54' title='bbox 307 1129 453 1221; x_wconf 84' lang='grc' dir='ltr'><strong><em>δεύτερον</em></strong></span> <span class='ocrx_word' id='word_1_55' title='bbox 478 1123 619 1198; x_wconf 83' lang='grc' dir='ltr'><strong><em>Ἰωνικὸν</em></strong></span> <span class='ocrx_word' id='word_1_56' title='bbox 656 1126 724 1199; x_wconf 86' lang='grc' dir='ltr'><strong><em>άπὸ</em></strong></span> <span class='ocrx_word' id='word_1_57' title='bbox 753 1129 897 1215; x_wconf 81' lang='grc' dir='ltr'><strong><em>μείζονος</em></strong></span> <span class='ocrx_word' id='word_1_58' title='bbox 929 1128 1151 1223; x_wconf 75' lang='grc' dir='ltr'><strong><em>έφθημιμερὲς</em></strong></span> <span class='ocrx_word' id='word_1_59' title='bbox 1179 1124 1252 1200; x_wconf 86' lang='grc' dir='ltr'><strong><em>άντί</em></strong></span> <span class='ocrx_word' id='word_1_60' title='bbox 1279 1126 1415 1199; x_wconf 85' lang='grc' dir='ltr'><strong><em>Ἰωνικοῦ</em></strong></span> 
     </span>
     <span class='ocr_line' id='line_1_9' title="bbox 306 1227 1419 1325; baseline -0.002 -21"><span class='ocrx_word' id='word_1_61' title='bbox 306 1233 379 1322; x_wconf 52' lang='lat' dir='ltr'><strong><em>{stov</em></strong></span> <span class='ocrx_word' id='word_1_62' title='bbox 399 1231 567 1322; x_wconf 76' lang='grc' dir='ltr'><strong><em>ἐπίτριτον</em></strong></span> <span class='ocrx_word' id='word_1_63' title='bbox 592 1231 730 1322; x_wconf 76' lang='grc' dir='ltr'><strong><em>5τρίτον.</em></strong></span> <span class='ocrx_word' id='word_1_64' title='bbox 761 1234 800 1302; x_wconf 90' lang='grc' dir='ltr'><strong><em>τὸ</em></strong></span> <span class='ocrx_word' id='word_1_65' title='bbox 820 1232 929 1325; x_wconf 91' lang='grc' dir='ltr'><strong><em>τρίτον</em></strong></span> <span class='ocrx_word' id='word_1_66' title='bbox 952 1233 1103 1323; x_wconf 76' lang='grc' dir='ltr'><strong><em>ἰαμβικὸν</em></strong></span> <span class='ocrx_word' id='word_1_67' title='bbox 1125 1233 1274 1325; x_wconf 86' lang='grc' dir='ltr'><strong><em>δίμετρον</em></strong></span> <span class='ocrx_word' id='word_1_68' title='bbox 1294 1227 1419 1303; x_wconf 87' lang='grc' dir='ltr'><strong><em>άκατα-</em></strong></span> 
     </span>
     <span class='ocr_line' id='line_1_10' title="bbox 307 1333 1419 1430; baseline -0.002 -23"><span class='ocrx_word' id='word_1_69' title='bbox 307 1340 472 1429; x_wconf 83' lang='grc' dir='ltr'><strong><em>τάλῆκτον.</em></strong></span> <span class='ocrx_word' id='word_1_70' title='bbox 492 1336 529 1405; x_wconf 88' lang='grc' dir='ltr'><strong><em>τὸ</em></strong></span> <span class='ocrx_word' id='word_1_71' title='bbox 550 1335 704 1427; x_wconf 87' lang='grc' dir='ltr'><strong><em>τέταρτον</em></strong></span> <span class='ocrx_word' id='word_1_72' title='bbox 726 1333 842 1422; x_wconf 81' lang='grc' dir='ltr'><strong><em>ὅμοιον</em></strong></span> <span class='ocrx_word' id='word_1_73' title='bbox 864 1344 912 1426; x_wconf 80' lang='grc' dir='ltr'><strong><em>τῷ</em></strong></span> <span class='ocrx_word' id='word_1_74' title='bbox 935 1338 1080 1430; x_wconf 81' lang='grc' dir='ltr'><strong><em>δευτέρῳ.</em></strong></span> <span class='ocrx_word' id='word_1_75' title='bbox 1101 1337 1185 1419; x_wconf 81' lang='grc' dir='ltr'><strong><em>τινές</em></strong></span> <span class='ocrx_word' id='word_1_76' title='bbox 1207 1338 1367 1406; x_wconf 82' lang='grc' dir='ltr'><strong><em>δὲταῦτα</em></strong></span> <span class='ocrx_word' id='word_1_77' title='bbox 1379 1337 1419 1405; x_wconf 86' lang='grc' dir='ltr'><strong><em>τὰ</em></strong></span> 
     </span>
     <span class='ocr_line' id='line_1_11' title="bbox 306 1434 1419 1533; baseline -0.001 -22"><span class='ocrx_word' id='word_1_78' title='bbox 306 1440 381 1533; x_wconf 90' lang='grc' dir='ltr'><strong><em>τρία</em></strong></span> <span class='ocrx_word' id='word_1_79' title='bbox 409 1434 479 1509; x_wconf 83' lang='grc' dir='ltr'><strong><em>άπὸ</em></strong></span> <span class='ocrx_word' id='word_1_80' title='bbox 509 1439 662 1530; x_wconf 75' lang='grc' dir='ltr'><strong><em>ἰαμβικῆς</em></strong></span> <span class='ocrx_word' id='word_1_81' title='bbox 691 1438 819 1526; x_wconf 89' lang='grc' dir='ltr'><strong><em>βάσεως</em></strong></span> <span class='ocrx_word' id='word_1_82' title='bbox 840 1440 895 1508; x_wconf 83' lang='grc' dir='ltr'><strong><em>καί</em></strong></span> <span class='ocrx_word' id='word_1_83' title='bbox 926 1447 1098 1533; x_wconf 86' lang='grc' dir='ltr'><strong><em>τροχαῖκῆς</em></strong></span> <span class='ocrx_word' id='word_1_84' title='bbox 1120 1444 1337 1522; x_wconf 84' lang='grc' dir='ltr'><strong><em>κατακλεῖδος.</em></strong></span> <span class='ocrx_word' id='word_1_85' title='bbox 1382 1434 1419 1509; x_wconf 87' lang='grc' dir='ltr'><strong><em>τὸ</em></strong></span> 
     </span>
     <span class='ocr_line' id='line_1_12' title="bbox 307 1539 1418 1635; baseline -0.003 -21"><span class='ocrx_word' id='word_1_86' title='bbox 307 1545 462 1632; x_wconf 90' lang='grc' dir='ltr'><strong><em>πέμπτον</em></strong></span> <span class='ocrx_word' id='word_1_87' title='bbox 495 1542 646 1630; x_wconf 78' lang='grc' dir='ltr'><strong><em>ἰαμβικὸν</em></strong></span> <span class='ocrx_word' id='word_1_88' title='bbox 677 1539 909 1634; x_wconf 74' lang='grc' dir='ltr'><strong><em>ἓφθῆμιμερές.</em></strong></span> <span class='ocrx_word' id='word_1_89' title='bbox 948 1545 987 1613; x_wconf 91' lang='grc' dir='ltr'><strong><em>τὸ</em></strong></span> <span class='ocrx_word' id='word_1_90' title='bbox 1015 1541 1049 1628; x_wconf 81' lang='grc' dir='ltr'><strong><em>ς’</em></strong></span> <span class='ocrx_word' id='word_1_91' title='bbox 1079 1543 1214 1616; x_wconf 85' lang='grc' dir='ltr'><strong><em>Ἰωνικὸν</em></strong></span> <span class='ocrx_word' id='word_1_92' title='bbox 1249 1544 1418 1635; x_wconf 89' lang='grc' dir='ltr'><strong><em>τρίμετρον</em></strong></span> 
     </span>
     <span class='ocr_line' id='line_1_13' title="bbox 306 1645 1451 1740; baseline -0.004 -23"><span class='ocrx_word' id='word_1_93' title='bbox 306 1647 538 1740; x_wconf 82' lang='grc' dir='ltr'><strong><em>καταληκτικὸν</em></strong></span> <span class='ocrx_word' id='word_1_94' title='bbox 563 1645 600 1714; x_wconf 79' lang='grc' dir='ltr'><strong><em>ἐκ</em></strong></span> <span class='ocrx_word' id='word_1_95' title='bbox 619 1645 803 1734; x_wconf 91' lang='grc' dir='ltr'><strong><em>διτροχαίου</em></strong></span> <span class='ocrx_word' id='word_1_96' title='bbox 823 1647 880 1715; x_wconf 84' lang='grc' dir='ltr'><strong><em>καὶ</em></strong></span> <span class='ocrx_word' id='word_1_97' title='bbox 902 1647 1072 1737; x_wconf 77' lang='grc' dir='ltr'><strong><em>ἐπιτρίτου</em></strong></span> <span class='ocrx_word' id='word_1_98' title='bbox 1104 1648 1233 1740; x_wconf 79' lang='grc' dir='ltr'><strong><em>6τρίτου</em></strong></span> <span class='ocrx_word' id='word_1_99' title='bbox 1255 1649 1311 1715; x_wconf 87' lang='grc' dir='ltr'><strong><em>καί</em></strong></span> <span class='ocrx_word' id='word_1_100' title='bbox 1331 1654 1419 1738; x_wconf 79' lang='grc' dir='ltr'><strong><em>Κρη·</em></strong></span> <span class='ocrx_word' id='word_1_101' title='bbox 1448 1650 1451 1653; x_wconf 77' lang='grc'>’</span> 
     </span>
     <span class='ocr_line' id='line_1_14' title="bbox 306 1746 1418 1842; baseline -0.006 -18"><span class='ocrx_word' id='word_1_102' title='bbox 306 1759 416 1824; x_wconf 82' lang='grc' dir='ltr'><strong><em>τικοῦ·</em></strong></span> <span class='ocrx_word' id='word_1_103' title='bbox 446 1750 475 1820; x_wconf 88' lang='grc' dir='ltr'><strong><em>εἰ</em></strong></span> <span class='ocrx_word' id='word_1_104' title='bbox 499 1751 535 1820; x_wconf 83' lang='grc' dir='ltr'><strong><em>δέ</em></strong></span> <span class='ocrx_word' id='word_1_105' title='bbox 555 1746 681 1837; x_wconf 82' lang='grc' dir='ltr'><strong><em>βούλει,</em></strong></span> <span class='ocrx_word' id='word_1_106' title='bbox 707 1750 878 1838; x_wconf 86' lang='grc' dir='ltr'><strong><em>τροχαίκὸν</em></strong></span> <span class='ocrx_word' id='word_1_107' title='bbox 901 1750 1068 1842; x_wconf 89' lang='grc' dir='ltr'><strong><em>τρίμετρον</em></strong></span> <span class='ocrx_word' id='word_1_108' title='bbox 1089 1750 1320 1842; x_wconf 85' lang='grc' dir='ltr'><strong><em>καταληκτικὸν</em></strong></span> <span class='ocrx_word' id='word_1_109' title='bbox 1339 1747 1418 1837; x_wconf 90' lang='grc' dir='ltr'><strong><em>ἰάμ-</em></strong></span> 
     </span>
     <span class='ocr_line' id='line_1_15' title="bbox 305 1851 1418 1947; baseline -0.004 -20"><span class='ocrx_word' id='word_1_110' title='bbox 305 1867 366 1947; x_wconf 88' lang='grc' dir='ltr'><strong><em>βου</em></strong></span> <span class='ocrx_word' id='word_1_111' title='bbox 395 1858 476 1926; x_wconf 88' lang='grc' dir='ltr'><strong><em>κατὸι</em></strong></span> <span class='ocrx_word' id='word_1_112' title='bbox 503 1856 561 1946; x_wconf 78' lang='grc' dir='ltr'><strong><em>τὴν</em></strong></span> <span class='ocrx_word' id='word_1_113' title='bbox 589 1853 743 1944; x_wconf 84' lang='grc' dir='ltr'><strong><em>τετάρτην</em></strong></span> <span class='ocrx_word' id='word_1_114' title='bbox 769 1854 890 1943; x_wconf 81' lang='grc' dir='ltr'><strong><em>χώραν,</em></strong></span> <span class='ocrx_word' id='word_1_115' title='bbox 935 1852 997 1936; x_wconf 78' lang='grc' dir='ltr'><strong><em>7ὡς</em></strong></span> <span class='ocrx_word' id='word_1_116' title='bbox 1028 1854 1088 1924; x_wconf 80' lang='grc' dir='ltr'><strong><em>ἐπὶ</em></strong></span> <span class='ocrx_word' id='word_1_117' title='bbox 1112 1864 1171 1946; x_wconf 89' lang='grc' dir='ltr'><strong><em>τῆς</em></strong></span> <span class='ocrx_word' id='word_1_118' title='bbox 1189 1851 1418 1946; x_wconf 80' lang='grc' dir='ltr'><strong><em>παραβάσεως,</em></strong></span> 
     </span>
     <span class='ocr_line' id='line_1_16' title="bbox 304 1951 1416 2048; baseline -0.003 -20"><span class='ocrx_word' id='word_1_119' title='bbox 304 1958 488 2046; x_wconf 76' lang='grc' dir='ltr'><strong><em>τιθεμένου.</em></strong></span> <span class='ocrx_word' id='word_1_120' title='bbox 523 1958 543 2046; x_wconf 92' lang='grc' dir='ltr'><strong><em>ῆ</em></strong></span> <span class='ocrx_word' id='word_1_121' title='bbox 564 1957 603 2025; x_wconf 94' lang='grc' dir='ltr'><strong><em>τὸ</em></strong></span> <span class='ocrx_word' id='word_1_122' title='bbox 624 1957 683 2043; x_wconf 79' lang='grc' dir='ltr'><strong><em>μέν</em></strong></span> <span class='ocrx_word' id='word_1_123' title='bbox 699 1957 856 2043; x_wconf 89' lang='grc' dir='ltr'><strong><em>πέμπτον</em></strong></span> <span class='ocrx_word' id='word_1_124' title='bbox 868 1951 1006 2027; x_wconf 82' lang='grc' dir='ltr'><strong><em>Ἰωνικὸν</em></strong></span> <span class='ocrx_word' id='word_1_125' title='bbox 1021 1957 1172 2046; x_wconf 82' lang='grc' dir='ltr'><strong><em>δίμετρον</em></strong></span> <span class='ocrx_word' id='word_1_126' title='bbox 1187 1956 1416 2048; x_wconf 82' lang='grc' dir='ltr'><strong><em>άκατάληκτυν,</em></strong></span> 
     </span>
     <span class='ocr_line' id='line_1_17' title="bbox 305 2056 1417 2152; baseline -0.003 -18"><span class='ocrx_word' id='word_1_127' title='bbox 305 2065 344 2134; x_wconf 89' lang='grc' dir='ltr'><strong><em>τὸ</em></strong></span> <span class='ocrx_word' id='word_1_128' title='bbox 367 2056 395 2132; x_wconf 81' lang='grc' dir='ltr'><strong><em>δ</em></strong></span> <span class='ocrx_word' id='word_1_129' title='bbox 417 2062 509 2131; x_wconf 72' lang='grc' dir='ltr'><strong><em>ἕκτον</em></strong></span> <span class='ocrx_word' id='word_1_130' title='bbox 532 2060 569 2142; x_wconf 76' lang='grc' dir='ltr'><strong><em>ἐξ</em></strong></span> <span class='ocrx_word' id='word_1_131' title='bbox 589 2058 739 2147; x_wconf 90' lang='grc' dir='ltr'><strong><em>ἰαμβικοῦ</em></strong></span> <span class='ocrx_word' id='word_1_132' title='bbox 760 2067 1023 2152; x_wconf 75' lang='grc' dir='ltr'><strong><em>πενθημιμεροῦς</em></strong></span> <span class='ocrx_word' id='word_1_133' title='bbox 1037 2063 1091 2130; x_wconf 85' lang='grc' dir='ltr'><strong><em>καί</em></strong></span> <span class='ocrx_word' id='word_1_134' title='bbox 1106 2058 1239 2149; x_wconf 82' lang='grc' dir='ltr'><strong><em>δοχμίαν</em></strong></span> <span class='ocrx_word' id='word_1_135' title='bbox 1261 2061 1417 2151; x_wconf 82' lang='grc' dir='ltr'><strong><em>συζυγίας.</em></strong></span> 
     </span>
     <span class='ocr_line' id='line_1_18' title="bbox 306 2160 1419 2258; baseline -0.003 -22"><span class='ocrx_word' id='word_1_136' title='bbox 306 2174 431 2258; x_wconf 81' lang='grc' dir='ltr'><strong><em>συνῆψε</em></strong></span> <span class='ocrx_word' id='word_1_137' title='bbox 466 2170 508 2255; x_wconf 85' lang='grc' dir='ltr'><strong><em>τῇ</em></strong></span> <span class='ocrx_word' id='word_1_138' title='bbox 543 2164 628 2246; x_wconf 81' lang='grc' dir='ltr'><strong><em>λέξει</em></strong></span> <span class='ocrx_word' id='word_1_139' title='bbox 658 2163 714 2231; x_wconf 87' lang='grc' dir='ltr'><strong><em>καί</em></strong></span> <span class='ocrx_word' id='word_1_140' title='bbox 742 2160 854 2253; x_wconf 76' lang='grc' dir='ltr'><strong><em>ἑτέραν</em></strong></span> <span class='ocrx_word' id='word_1_141' title='bbox 886 2164 1046 2255; x_wconf 84' lang='grc' dir='ltr'><strong><em>διαίρεσιν</em></strong></span> <span class='ocrx_word' id='word_1_142' title='bbox 1077 2167 1133 2257; x_wconf 84' lang='grc' dir='ltr'><strong><em>τῆν</em></strong></span> <span class='ocrx_word' id='word_1_143' title='bbox 1159 2165 1206 2247; x_wconf 87' lang='grc' dir='ltr'><strong><em>εἰς</em></strong></span> <span class='ocrx_word' id='word_1_144' title='bbox 1246 2164 1419 2252; x_wconf 65' lang='grc' dir='ltr'><strong><em>θίαμβικὸν</em></strong></span> 
     </span>
     <span class='ocr_line' id='line_1_19' title="bbox 304 2256 1416 2364; baseline -0.002 -23"><span class='ocrx_word' id='word_1_145' title='bbox 304 2269 475 2364; x_wconf 87' lang='grc' dir='ltr'><strong><em>τρίμετρον</em></strong></span> <span class='ocrx_word' id='word_1_146' title='bbox 501 2264 786 2358; x_wconf 81' lang='grc' dir='ltr'><strong><em>ὸπερκατάλῆκτυν</em></strong></span> <span class='ocrx_word' id='word_1_147' title='bbox 811 2256 1037 2354; x_wconf 83' lang='grc' dir='ltr'><strong><em>καίδόχμιον.</em></strong></span> <span class='ocrx_word' id='word_1_148' title='bbox 1075 2271 1115 2339; x_wconf 91' lang='grc' dir='ltr'><strong><em>τὸ</em></strong></span> <span class='ocrx_word' id='word_1_149' title='bbox 1153 2270 1291 2357; x_wconf 69' lang='grc' dir='ltr'><strong><em>ἕβδομον</em></strong></span> <span class='ocrx_word' id='word_1_150' title='bbox 1315 2264 1416 2339; x_wconf 81' lang='grc' dir='ltr'><strong><em>Ἰωνι-</em></strong></span> 
     </span>
     <span class='ocr_line' id='line_1_20' title="bbox 304 2366 1416 2463; baseline -0.003 -17"><span class='ocrx_word' id='word_1_151' title='bbox 304 2378 364 2447; x_wconf 90' lang='grc' dir='ltr'><strong><em>κὸν</em></strong></span> <span class='ocrx_word' id='word_1_152' title='bbox 392 2372 540 2463; x_wconf 89' lang='grc' dir='ltr'><strong><em>δίμετρον</em></strong></span> <span class='ocrx_word' id='word_1_153' title='bbox 567 2366 866 2462; x_wconf 81' lang='grc' dir='ltr'><strong><em>ὸπερκατάληκτον,</em></strong></span> <span class='ocrx_word' id='word_1_154' title='bbox 909 2372 946 2455; x_wconf 81' lang='grc' dir='ltr'><strong><em>ἐξ</em></strong></span> <span class='ocrx_word' id='word_1_155' title='bbox 968 2366 1109 2442; x_wconf 79' lang='grc' dir='ltr'><strong><em>Ἰωνικοῦ</em></strong></span> <span class='ocrx_word' id='word_1_156' title='bbox 1134 2375 1190 2443; x_wconf 85' lang='grc' dir='ltr'><strong><em>καί</em></strong></span> <span class='ocrx_word' id='word_1_157' title='bbox 1221 2373 1416 2462; x_wconf 88' lang='grc' dir='ltr'><strong><em>διτροχαίου,</em></strong></span> 
     </span>
    </p>
   </div>
   <div class='ocr_carea' id='block_1_4' title="bbox 274 2471 1417 2985">
    <p class='ocr_par' dir='ltr' id='par_1_4' title="bbox 274 2471 1417 2985">
     <span class='ocr_line' id='line_1_21' title="bbox 303 2471 1417 2572; baseline -0.001 -23"><span class='ocrx_word' id='word_1_158' title='bbox 303 2478 324 2572; x_wconf 83' lang='grc' dir='ltr'><strong><em>ῆ</em></strong></span> <span class='ocrx_word' id='word_1_159' title='bbox 347 2478 501 2567; x_wconf 91' lang='grc' dir='ltr'><strong><em>ἰαμβικὸν</em></strong></span> <span class='ocrx_word' id='word_1_160' title='bbox 522 2472 671 2566; x_wconf 90' lang='grc' dir='ltr'><strong><em>δίμετρον</em></strong></span> <span class='ocrx_word' id='word_1_161' title='bbox 695 2472 929 2566; x_wconf 81' lang='grc' dir='ltr'><strong><em>άκατάληκτον.</em></strong></span> <span class='ocrx_word' id='word_1_162' title='bbox 962 2476 1001 2546; x_wconf 91' lang='grc' dir='ltr'><strong><em>τὸ</em></strong></span> <span class='ocrx_word' id='word_1_163' title='bbox 1024 2473 1139 2565; x_wconf 76' lang='grc' dir='ltr'><strong><em>ὄγδοον</em></strong></span> <span class='ocrx_word' id='word_1_164' title='bbox 1159 2471 1296 2548; x_wconf 80' lang='grc' dir='ltr'><strong><em>Ἰωνικὸν</em></strong></span> <span class='ocrx_word' id='word_1_165' title='bbox 1320 2476 1417 2570; x_wconf 79' lang='grc' dir='ltr'><strong><em>ἡμιό-</em></strong></span> 
     </span>
     <span class='ocr_line' id='line_1_22' title="bbox 304 2577 1415 2672; baseline -0.003 -18"><span class='ocrx_word' id='word_1_166' title='bbox 304 2588 384 2667; x_wconf 89' lang='grc' dir='ltr'><strong><em>λιον,</em></strong></span> <span class='ocrx_word' id='word_1_167' title='bbox 405 2584 440 2652; x_wconf 78' lang='grc' dir='ltr'><strong><em>ἐκ</em></strong></span> <span class='ocrx_word' id='word_1_168' title='bbox 464 2577 646 2671; x_wconf 87' lang='grc' dir='ltr'><strong><em>διτροχαίυυ</em></strong></span> <span class='ocrx_word' id='word_1_169' title='bbox 668 2578 725 2647; x_wconf 82' lang='grc' dir='ltr'><strong><em>καὶ</em></strong></span> <span class='ocrx_word' id='word_1_170' title='bbox 746 2578 933 2649; x_wconf 82' lang='grc' dir='ltr'><strong><em>σπονδείου·</em></strong></span> <span class='ocrx_word' id='word_1_171' title='bbox 956 2578 976 2671; x_wconf 84' lang='grc' dir='ltr'><strong><em>ῆ</em></strong></span> <span class='ocrx_word' id='word_1_172' title='bbox 996 2580 1165 2672; x_wconf 89' lang='grc' dir='ltr'><strong><em>τροχαϊκὸν</em></strong></span> <span class='ocrx_word' id='word_1_173' title='bbox 1186 2578 1415 2672; x_wconf 72' lang='grc' dir='ltr'><strong><em>ἰδυφαλλικόν.</em></strong></span> 
     </span>
     <span class='ocr_line' id='line_1_23' title="bbox 303 2679 1416 2777; baseline -0.004 -20"><span class='ocrx_word' id='word_1_174' title='bbox 303 2689 363 2757; x_wconf 78' lang='grc' dir='ltr'><strong><em>ἐπὶ</em></strong></span> <span class='ocrx_word' id='word_1_175' title='bbox 384 2693 434 2777; x_wconf 78' lang='grc' dir='ltr'><strong><em>τῷ</em></strong></span> <span class='ocrx_word' id='word_1_176' title='bbox 456 2687 541 2755; x_wconf 88' lang='grc' dir='ltr'><strong><em>τέλει</em></strong></span> <span class='ocrx_word' id='word_1_177' title='bbox 563 2681 620 2752; x_wconf 79' lang='grc' dir='ltr'><strong><em>δύο</em></strong></span> <span class='ocrx_word' id='word_1_178' title='bbox 642 2685 759 2752; x_wconf 84' lang='grc' dir='ltr'><strong><em>διπλαῖ</em></strong></span> <span class='ocrx_word' id='word_1_179' title='bbox 779 2681 841 2766; x_wconf 71' lang='grc' dir='ltr'><strong><em>ἔξω</em></strong></span> <span class='ocrx_word' id='word_1_180' title='bbox 869 2690 1056 2753; x_wconf 89' lang='grc' dir='ltr'><strong><em>νενευκυῖαι·</em></strong></span> <span class='ocrx_word' id='word_1_181' title='bbox 1094 2684 1113 2776; x_wconf 86' lang='grc' dir='ltr'><strong><em>ῆ</em></strong></span> <span class='ocrx_word' id='word_1_182' title='bbox 1135 2685 1194 2772; x_wconf 84' lang='grc' dir='ltr'><strong><em>μὲν</em></strong></span> <span class='ocrx_word' id='word_1_183' title='bbox 1218 2685 1252 2753; x_wconf 86' lang='grc' dir='ltr'><strong><em>έν</em></strong></span> <span class='ocrx_word' id='word_1_184' title='bbox 1272 2679 1366 2777; x_wconf 77' lang='grc' dir='ltr'><strong><em>α’ρχῆ,</em></strong></span> <span class='ocrx_word' id='word_1_185' title='bbox 1397 2684 1416 2776; x_wconf 81' lang='grc' dir='ltr'><em>ἡ</em></span> 
     </span>
     <span class='ocr_line' id='line_1_24' title="bbox 274 2784 1416 2882; baseline -0.002 -22"><span class='ocrx_word' id='word_1_186' title='bbox 274 2790 341 2860; x_wconf 79' lang='grc' dir='ltr'><strong><em>’δέ</em></strong></span> <span class='ocrx_word' id='word_1_187' title='bbox 361 2789 444 2858; x_wconf 82' lang='grc' dir='ltr'><strong><em>κατὰ</em></strong></span> <span class='ocrx_word' id='word_1_188' title='bbox 466 2789 504 2857; x_wconf 90' lang='grc' dir='ltr'><strong><em>τὸ</em></strong></span> <span class='ocrx_word' id='word_1_189' title='bbox 526 2786 627 2868; x_wconf 85' lang='grc' dir='ltr'><strong><em>τέλος.</em></strong></span> <span class='ocrx_word' id='word_1_190' title='bbox 659 2784 788 2856; x_wconf 74' lang='grc' dir='ltr'><strong><em>ἔστιδὲ</em></strong></span> <span class='ocrx_word' id='word_1_191' title='bbox 810 2787 991 2857; x_wconf 81' lang='grc' dir='ltr'><strong><em>καὶταῦτα</em></strong></span> <span class='ocrx_word' id='word_1_192' title='bbox 1018 2785 1305 2882; x_wconf 84' lang='grc' dir='ltr'><strong><em>πολυσχημάτιστα</em></strong></span> <span class='ocrx_word' id='word_1_193' title='bbox 1329 2789 1416 2858; x_wconf 85' lang='grc' dir='ltr'><strong><em>κατὰ</em></strong></span> 
     </span>
     <span class='ocr_line' id='line_1_25' title="bbox 304 2887 742 2985; baseline -0.016 -21"><span class='ocrx_word' id='word_1_194' title='bbox 304 2895 360 2966; x_wconf 90' lang='grc' dir='ltr'><strong><em>τὸν</em></strong></span> <span class='ocrx_word' id='word_1_195' title='bbox 380 2891 545 2985; x_wconf 81' lang='grc' dir='ltr'><strong><em>εἰρημένον</em></strong></span> <span class='ocrx_word' id='word_1_196' title='bbox 564 2887 742 2981; x_wconf 65' lang='grc' dir='ltr'><strong><em>τρόπον.9ῆ</em></strong></span> 
     </span>
    </p>
   </div>
   <div class='ocr_carea' id='block_1_5' title="bbox 306 3047 510 3059">
    <p class='ocr_par' dir='ltr' id='par_1_5' title="bbox 306 3047 510 3059">
     <span class='ocr_line' id='line_1_26' title="bbox 306 3047 510 3059; baseline -0.015 0"><span class='ocrx_word' id='word_1_197' title='bbox 306 3047 510 3059; x_wconf 78' lang='grc'><em>.-----</em></span> 
     </span>
    </p>
   </div>
   <div class='ocr_carea' id='block_1_6' title="bbox 300 3122 1416 4407">
    <p class='ocr_par' dir='ltr' id='par_1_6' title="bbox 300 3122 1416 4407">
     <span class='ocr_line' id='line_1_27' title="bbox 390 3122 1413 3199; baseline -0.005 -16"><span class='ocrx_word' id='word_1_198' title='bbox 390 3130 404 3184; x_wconf 89' lang='lat' dir='ltr'><strong>l</strong></span> <span class='ocrx_word' id='word_1_199' title='bbox 434 3125 525 3182; x_wconf 79' lang='lat' dir='ltr'><strong>Verba</strong></span> <span class='ocrx_word' id='word_1_200' title='bbox 546 3122 686 3180; x_wconf 86' lang='lat' dir='ltr'><strong>Heliodori</strong></span> <span class='ocrx_word' id='word_1_201' title='bbox 715 3122 763 3181; x_wconf 80' lang='lat' dir='ltr'><strong>sed</strong></span> <span class='ocrx_word' id='word_1_202' title='bbox 791 3123 965 3181; x_wconf 81' lang='lat' dir='ltr'><strong>vehementer</strong></span> <span class='ocrx_word' id='word_1_203' title='bbox 994 3125 1120 3194; x_wconf 73' lang='lat' dir='ltr'><strong>corrupta</strong></span> <span class='ocrx_word' id='word_1_204' title='bbox 1149 3124 1183 3179; x_wconf 79' lang='lat' dir='ltr'><strong><em>of.</em></strong></span> <span class='ocrx_word' id='word_1_205' title='bbox 1215 3127 1413 3199; x_wconf 79' lang='grc' dir='ltr'><strong><em>κωλομετριαν.</em></strong></span> 
     </span>
     <span class='ocr_line' id='line_1_28' title="bbox 303 3210 1416 3276; baseline -0.008 -1"><span class='ocrx_word' id='word_1_206' title='bbox 303 3213 507 3276; x_wconf 67' lang='lat' dir='ltr'><strong>escribendum</strong></span> <span class='ocrx_word' id='word_1_207' title='bbox 523 3211 564 3268; x_wconf 84' lang='grc' dir='ltr'><strong><em>λε’</em></strong></span> <span class='ocrx_word' id='word_1_208' title='bbox 652 3213 670 3268; x_wconf 87' lang='grc'><strong>3</strong></span> <span class='ocrx_word' id='word_1_209' title='bbox 688 3211 840 3269; x_wconf 78' lang='lat' dir='ltr'><strong>Scholiasta</strong></span> <span class='ocrx_word' id='word_1_210' title='bbox 858 3215 948 3268; x_wconf 71' lang='lat' dir='ltr'><strong>vetere</strong></span> <span class='ocrx_word' id='word_1_211' title='bbox 974 3210 1025 3267; x_wconf 89' lang='lat' dir='ltr'><strong><em>hoo</em></strong></span> <span class='ocrx_word' id='word_1_212' title='bbox 1047 3210 1148 3266; x_wconf 79' lang='lat' dir='ltr'><strong>scholio</strong></span> <span class='ocrx_word' id='word_1_213' title='bbox 1166 3227 1230 3265; x_wconf 79' lang='lat' dir='ltr'>usus</span> <span class='ocrx_word' id='word_1_214' title='bbox 1248 3210 1416 3266; x_wconf 83' lang='lat' dir='ltr'><strong>mentionem</strong></span> 
     </span>
     <span class='ocr_line' id='line_1_29' title="bbox 304 3297 1414 3371; baseline -0.006 -12"><span class='ocrx_word' id='word_1_215' title='bbox 304 3306 405 3371; x_wconf 83' lang='grc' dir='ltr'><strong><em>διπλῆς</em></strong></span> <span class='ocrx_word' id='word_1_216' title='bbox 423 3302 473 3364; x_wconf 77' lang='grc' dir='ltr'><strong><em>ἔξω</em></strong></span> <span class='ocrx_word' id='word_1_217' title='bbox 492 3305 649 3359; x_wconf 83' lang='grc' dir='ltr'><strong><em>νενευκυῐας</em></strong></span> <span class='ocrx_word' id='word_1_218' title='bbox 666 3300 766 3355; x_wconf 72' lang='lat' dir='ltr'><strong>omisit.</strong></span> <span class='ocrx_word' id='word_1_219' title='bbox 854 3301 873 3356; x_wconf 87' lang='grc'>4</span> <span class='ocrx_word' id='word_1_220' title='bbox 890 3297 1042 3360; x_wconf 86' lang='grc' dir='ltr'><strong><em>ὀκτάκωλος</em></strong></span> <span class='ocrx_word' id='word_1_221' title='bbox 1061 3297 1228 3354; x_wconf 82' lang='lat' dir='ltr'><strong>referendum</strong></span> <span class='ocrx_word' id='word_1_222' title='bbox 1243 3298 1279 3352; x_wconf 77' lang='lat' dir='ltr'><strong>ad</strong></span> <span class='ocrx_word' id='word_1_223' title='bbox 1294 3298 1414 3358; x_wconf 71' lang='grc' dir='ltr'><strong><em>ἔκθεσις.</em></strong></span> 
     </span>
     <span class='ocr_line' id='line_1_30' title="bbox 303 3383 1414 3465; baseline -0.006 -20"><span class='ocrx_word' id='word_1_224' title='bbox 303 3393 431 3465; x_wconf 73' lang='grc' dir='ltr'><strong><em>ὃτρίτον</em></strong></span> <span class='ocrx_word' id='word_1_225' title='bbox 448 3385 555 3443; x_wconf 78' lang='lat' dir='ltr'><strong>addidit</strong></span> <span class='ocrx_word' id='word_1_226' title='bbox 577 3386 754 3450; x_wconf 75' lang='lat' dir='ltr'><strong>Hermannue.</strong></span> <span class='ocrx_word' id='word_1_227' title='bbox 839 3387 856 3442; x_wconf 89' lang='lat'><strong>6</strong></span> <span class='ocrx_word' id='word_1_228' title='bbox 880 3393 974 3460; x_wconf 84' lang='grc' dir='ltr'><strong><em>τρίτου</em></strong></span> <span class='ocrx_word' id='word_1_229' title='bbox 997 3384 1103 3441; x_wconf 81' lang='lat' dir='ltr'><strong>addidit</strong></span> <span class='ocrx_word' id='word_1_230' title='bbox 1125 3385 1241 3441; x_wconf 81' lang='lat' dir='ltr'><strong>Reiziue.</strong></span> <span class='ocrx_word' id='word_1_231' title='bbox 1336 3386 1352 3439; x_wconf 82' lang='grc'><strong>7</strong></span> <span class='ocrx_word' id='word_1_232' title='bbox 1371 3383 1414 3439; x_wconf 82' lang='lat' dir='ltr'><strong><em>cf.</em></strong></span> 
     </span>
     <span class='ocr_line' id='line_1_31' title="bbox 303 3469 1413 3549; baseline -0.01 -14"><span class='ocrx_word' id='word_1_233' title='bbox 303 3476 385 3535; x_wconf 76' lang='lat' dir='ltr'><strong>schol.</strong></span> <span class='ocrx_word' id='word_1_234' title='bbox 408 3473 471 3532; x_wconf 86' lang='lat' dir='ltr'><strong>nub.</strong></span> <span class='ocrx_word' id='word_1_235' title='bbox 486 3475 546 3531; x_wconf 84' lang='lat'><strong>518.</strong></span> <span class='ocrx_word' id='word_1_236' title='bbox 653 3474 671 3528; x_wconf 89' lang='lat'>8</span> <span class='ocrx_word' id='word_1_237' title='bbox 698 3472 833 3547; x_wconf 74' lang='grc' dir='ltr'><strong><em>ἰαμβικὸν</em></strong></span> <span class='ocrx_word' id='word_1_238' title='bbox 860 3477 1006 3547; x_wconf 81' lang='grc' dir='ltr'><strong><em>τρίμετρον</em></strong></span> <span class='ocrx_word' id='word_1_239' title='bbox 1030 3472 1122 3549; x_wconf 82' lang='grc' dir='ltr'><strong><em>ὥσπερ</em></strong></span> <span class='ocrx_word' id='word_1_240' title='bbox 1146 3469 1347 3539; x_wconf 81' lang='grc' dir='ltr'><strong><em>καταληκτικῆν</em></strong></span> <span class='ocrx_word' id='word_1_241' title='bbox 1363 3474 1413 3525; x_wconf 77' lang='grc' dir='ltr'><strong><em>καί</em></strong></span> 
     </span>
     <span class='ocr_line' id='line_1_32' title="bbox 304 3558 1413 3634; baseline -0.005 -14"><span class='ocrx_word' id='word_1_242' title='bbox 304 3562 425 3634; x_wconf 77' lang='grc' dir='ltr'><strong><em>δόχμιον</em></strong></span> <span class='ocrx_word' id='word_1_243' title='bbox 444 3561 516 3627; x_wconf 81' lang='lat' dir='ltr'><strong>eod,</strong></span> <span class='ocrx_word' id='word_1_244' title='bbox 541 3560 613 3631; x_wconf 88' lang='lat' dir='ltr'><strong>quod</strong></span> <span class='ocrx_word' id='word_1_245' title='bbox 630 3558 783 3616; x_wconf 75' lang='lat' dir='ltr'><strong>emendavit</strong></span> <span class='ocrx_word' id='word_1_246' title='bbox 800 3559 917 3614; x_wconf 81' lang='lat' dir='ltr'><strong>Reizius.</strong></span> <span class='ocrx_word' id='word_1_247' title='bbox 1022 3561 1040 3615; x_wconf 87' lang='lat'>9</span> <span class='ocrx_word' id='word_1_248' title='bbox 1057 3559 1147 3614; x_wconf 82' lang='lat' dir='ltr'><strong>Verba</strong></span> <span class='ocrx_word' id='word_1_249' title='bbox 1162 3558 1315 3623; x_wconf 86' lang='lat' dir='ltr'><strong>Heliodori‚</strong></span> <span class='ocrx_word' id='word_1_250' title='bbox 1341 3573 1413 3627; x_wconf 80' lang='lat' dir='ltr'><strong>quoe</strong></span> 
     </span>
     <span class='ocr_line' id='line_1_33' title="bbox 302 3645 1413 3717; baseline -0.008 -11"><span class='ocrx_word' id='word_1_251' title='bbox 302 3651 353 3706; x_wconf 88' lang='lat' dir='ltr'><strong><em>hoo</em></strong></span> <span class='ocrx_word' id='word_1_252' title='bbox 368 3649 398 3705; x_wconf 87' lang='lat' dir='ltr'><strong><em>in</em></strong></span> <span class='ocrx_word' id='word_1_253' title='bbox 415 3649 516 3705; x_wconf 83' lang='lat' dir='ltr'><strong>eoholio</strong></span> <span class='ocrx_word' id='word_1_254' title='bbox 534 3647 642 3703; x_wconf 75' lang='lat' dir='ltr'><strong>condita</strong></span> <span class='ocrx_word' id='word_1_255' title='bbox 658 3650 737 3717; x_wconf 78' lang='lat' dir='ltr'><strong>eunt,</strong></span> <span class='ocrx_word' id='word_1_256' title='bbox 754 3646 834 3701; x_wconf 81' lang='lat' dir='ltr'><strong>faoile</strong></span> <span class='ocrx_word' id='word_1_257' title='bbox 851 3645 890 3701; x_wconf 84' lang='lat' dir='ltr'><strong><em>sio</em></strong></span> <span class='ocrx_word' id='word_1_258' title='bbox 905 3645 1126 3701; x_wconf 66' lang='lat' dir='ltr'><strong>reconciliantem</strong></span> <span class='ocrx_word' id='word_1_259' title='bbox 1145 3646 1232 3713; x_wconf 78' lang='grc' dir='ltr'><strong><em>διπλῆ</em></strong></span> <span class='ocrx_word' id='word_1_260' title='bbox 1250 3649 1297 3700; x_wconf 85' lang='grc' dir='ltr'><strong><em>καὶ</em></strong></span> <span class='ocrx_word' id='word_1_261' title='bbox 1313 3648 1413 3698; x_wconf 61' lang='lat' dir='ltr'><strong>dooe-</strong></span> 
     </span>
     <span class='ocr_line' id='line_1_34' title="bbox 303 3722 1413 3812; baseline -0.007 -20"><span class='ocrx_word' id='word_1_262' title='bbox 303 3755 347 3799; x_wconf 91' lang='grc' dir='ltr'><strong><em>σις</em></strong></span> <span class='ocrx_word' id='word_1_263' title='bbox 364 3741 403 3798; x_wconf 81' lang='grc' dir='ltr'><strong><em>εἰς</em></strong></span> <span class='ocrx_word' id='word_1_264' title='bbox 426 3741 508 3805; x_wconf 79' lang='grc' dir='ltr'><strong><em>μέλος</em></strong></span> <span class='ocrx_word' id='word_1_265' title='bbox 527 3733 738 3812; x_wconf 84' lang='grc' dir='ltr'><strong><em>μονοτροφικὸν</em></strong></span> <span class='ocrx_word' id='word_1_266' title='bbox 761 3738 811 3788; x_wconf 82' lang='grc' dir='ltr'><strong><em>τοῦ</em></strong></span> <span class='ocrx_word' id='word_1_267' title='bbox 836 3732 991 3807; x_wconf 81' lang='grc' dir='ltr'><strong><em>ὑποκριτοῦ</em></strong></span> <span class='ocrx_word' id='word_1_268' title='bbox 1009 3730 1180 3796; x_wconf 85' lang='grc' dir='ltr'><strong><em>ὀκτάκωλον,</em></strong></span> <span class='ocrx_word' id='word_1_269' title='bbox 1211 3722 1252 3788; x_wconf 78' lang='grc' dir='ltr'><strong><em>ὧν</em></strong></span> <span class='ocrx_word' id='word_1_270' title='bbox 1267 3731 1283 3784; x_wconf 89' lang='grc' dir='ltr'>ὁ</span> <span class='ocrx_word' id='word_1_271' title='bbox 1301 3736 1413 3804; x_wconf 79' lang='grc' dir='ltr'><strong><em>πρῶτος</em></strong></span> 
     </span>
     <span class='ocr_line' id='line_1_35' title="bbox 300 3814 1412 3893; baseline -0.009 -14"><span class='ocrx_word' id='word_1_272' title='bbox 300 3822 419 3883; x_wconf 88' lang='grc' dir='ltr'><strong><em>Ἰωνικὸς</em></strong></span> <span class='ocrx_word' id='word_1_273' title='bbox 444 3822 491 3876; x_wconf 64' lang='grc' dir='ltr'><strong><em>ἀπ’</em></strong></span> <span class='ocrx_word' id='word_1_274' title='bbox 513 3818 661 3881; x_wconf 72' lang='grc' dir='ltr'><strong><em>ἐλάσσονος</em></strong></span> <span class='ocrx_word' id='word_1_275' title='bbox 686 3822 815 3893; x_wconf 85' lang='grc' dir='ltr'><strong><em>δίμετρος</em></strong></span> <span class='ocrx_word' id='word_1_276' title='bbox 832 3816 1036 3885; x_wconf 84' lang='grc' dir='ltr'><strong><em>καταληκτικός.</em></strong></span> <span class='ocrx_word' id='word_1_277' title='bbox 1072 3819 1087 3873; x_wconf 90' lang='grc' dir='ltr'>ὁ</span> <span class='ocrx_word' id='word_1_278' title='bbox 1107 3817 1148 3887; x_wconf 84' lang='grc' dir='ltr'><strong><em>β’,</em></strong></span> <span class='ocrx_word' id='word_1_279' title='bbox 1173 3814 1204 3887; x_wconf 80' lang='grc' dir='ltr'><strong><em>μ’</em></strong></span> <span class='ocrx_word' id='word_1_280' title='bbox 1229 3820 1277 3870; x_wconf 84' lang='grc' dir='ltr'><strong><em>καὶ</em></strong></span> <span class='ocrx_word' id='word_1_281' title='bbox 1294 3814 1324 3870; x_wconf 81' lang='grc' dir='ltr'><strong><em>δ’</em></strong></span> <span class='ocrx_word' id='word_1_282' title='bbox 1351 3816 1412 3870; x_wconf 77' lang='grc' dir='ltr'><strong><em>ἀπὸ</em></strong></span> 
     </span>
     <span class='ocr_line' id='line_1_36' title="bbox 303 3903 1412 3984; baseline -0.008 -19"><span class='ocrx_word' id='word_1_283' title='bbox 303 3914 433 3984; x_wconf 71' lang='grc' dir='ltr'><strong><em>ἰαμβικῆς</em></strong></span> <span class='ocrx_word' id='word_1_284' title='bbox 452 3907 559 3978; x_wconf 81' lang='grc' dir='ltr'><strong><em>βάσεως</em></strong></span> <span class='ocrx_word' id='word_1_285' title='bbox 578 3911 625 3962; x_wconf 87' lang='grc' dir='ltr'><strong><em>καὶ</em></strong></span> <span class='ocrx_word' id='word_1_286' title='bbox 641 3911 791 3980; x_wconf 84' lang='grc' dir='ltr'><strong><em>τροχαῖκῆς</em></strong></span> <span class='ocrx_word' id='word_1_287' title='bbox 808 3906 986 3965; x_wconf 78' lang='grc' dir='ltr'><strong><em>κατυκλεῖδος</em></strong></span> <span class='ocrx_word' id='word_1_288' title='bbox 1001 3904 1045 3975; x_wconf 86' lang='lat' dir='ltr'><strong>(of.</strong></span> <span class='ocrx_word' id='word_1_289' title='bbox 1063 3908 1165 3977; x_wconf 85' lang='grc' dir='ltr'><strong><em>κωλομ.</em></strong></span> <span class='ocrx_word' id='word_1_290' title='bbox 1185 3903 1267 3959; x_wconf 71' lang='lat' dir='ltr'><strong>ochoi</strong></span> <span class='ocrx_word' id='word_1_291' title='bbox 1282 3919 1342 3973; x_wconf 78' lang='lat' dir='ltr'><strong>pao.</strong></span> <span class='ocrx_word' id='word_1_292' title='bbox 1356 3903 1412 3959; x_wconf 87' lang='grc'><strong><em>939</em></strong></span> 
     </span>
     <span class='ocr_line' id='line_1_37' title="bbox 303 3990 1413 4068; baseline -0.008 -17"><span class='ocrx_word' id='word_1_293' title='bbox 303 3998 331 4051; x_wconf 78' lang='lat' dir='ltr'><strong><em>et</em></strong></span> <span class='ocrx_word' id='word_1_294' title='bbox 347 3997 440 4066; x_wconf 64' lang='lat'><strong>1122),</strong></span> <span class='ocrx_word' id='word_1_295' title='bbox 460 3996 475 4051; x_wconf 85' lang='grc' dir='ltr'>ὁ</span> <span class='ocrx_word' id='word_1_296' title='bbox 494 3993 520 4049; x_wconf 85' lang='grc' dir='ltr'><strong><em>ε’</em></strong></span> <span class='ocrx_word' id='word_1_297' title='bbox 540 3999 642 4068; x_wconf 72' lang='grc' dir='ltr'><strong><em>ἴαμβος</em></strong></span> <span class='ocrx_word' id='word_1_298' title='bbox 658 3990 870 4066; x_wconf 73' lang='grc' dir='ltr'><strong><em>ἑφθημιμερής,</em></strong></span> <span class='ocrx_word' id='word_1_299' title='bbox 889 3991 904 4044; x_wconf 89' lang='grc' dir='ltr'>ὁ</span> <span class='ocrx_word' id='word_1_300' title='bbox 925 3990 956 4054; x_wconf 86' lang='grc' dir='ltr'><strong><em>ς’</em></strong></span> <span class='ocrx_word' id='word_1_301' title='bbox 976 3992 1006 4045; x_wconf 73' lang='grc' dir='ltr'><strong><em>ἐκ</em></strong></span> <span class='ocrx_word' id='word_1_302' title='bbox 1024 3995 1159 4062; x_wconf 73' lang='grc' dir='ltr'><strong><em>ἰαμβικοῦ</em></strong></span> <span class='ocrx_word' id='word_1_303' title='bbox 1176 3993 1413 4061; x_wconf 76' lang='grc' dir='ltr'><strong><em>πενθημιμεροῦς</em></strong></span> 
     </span>
     <span class='ocr_line' id='line_1_38' title="bbox 303 4074 1413 4155; baseline -0.008 -19"><span class='ocrx_word' id='word_1_304' title='bbox 303 4086 350 4136; x_wconf 86' lang='grc' dir='ltr'><strong><em>καὶ</em></strong></span> <span class='ocrx_word' id='word_1_305' title='bbox 367 4082 488 4155; x_wconf 81' lang='grc' dir='ltr'><strong><em>δοχμίου</em></strong></span> <span class='ocrx_word' id='word_1_306' title='bbox 516 4083 646 4150; x_wconf 81' lang='grc' dir='ltr'><strong><em>συζυγία,</em></strong></span> <span class='ocrx_word' id='word_1_307' title='bbox 678 4079 804 4149; x_wconf 73' lang='grc' dir='ltr'><strong><em>(συζυγία</em></strong></span> <span class='ocrx_word' id='word_1_308' title='bbox 830 4076 903 4147; x_wconf 78' lang='lat' dir='ltr'><strong>apud</strong></span> <span class='ocrx_word' id='word_1_309' title='bbox 927 4076 1103 4132; x_wconf 82' lang='lat' dir='ltr'><strong>Heliodorum</strong></span> <span class='ocrx_word' id='word_1_310' title='bbox 1117 4092 1172 4131; x_wconf 87' lang='lat' dir='ltr'><strong><em>non</em></strong></span> <span class='ocrx_word' id='word_1_311' title='bbox 1188 4076 1261 4131; x_wconf 86' lang='lat' dir='ltr'><strong>idem</strong></span> <span class='ocrx_word' id='word_1_312' title='bbox 1277 4077 1319 4130; x_wconf 78' lang='lat' dir='ltr'><strong><em>est</em></strong></span> <span class='ocrx_word' id='word_1_313' title='bbox 1336 4074 1413 4144; x_wconf 87' lang='lat' dir='ltr'><strong>quod</strong></span> 
     </span>
     <span class='ocr_line' id='line_1_39' title="bbox 302 4159 1412 4237; baseline -0.006 -15"><span class='ocrx_word' id='word_1_314' title='bbox 302 4166 689 4237; x_wconf 75' lang='lat' dir='ltr'><strong>dipodia‚na1ndoohmieous</strong></span> <span class='ocrx_word' id='word_1_315' title='bbox 707 4180 755 4234; x_wconf 81' lang='lat' dir='ltr'><strong><em>pes</em></strong></span> <span class='ocrx_word' id='word_1_316' title='bbox 772 4163 926 4233; x_wconf 78' lang='lat' dir='ltr'><strong>appellatur</strong></span> <span class='ocrx_word' id='word_1_317' title='bbox 944 4163 1064 4234; x_wconf 81' lang='grc' dir='ltr'><strong><em>δόχμιον</em></strong></span> <span class='ocrx_word' id='word_1_318' title='bbox 1084 4162 1191 4217; x_wconf 76' lang='grc' dir='ltr'><strong><em>ἁπλοῦν</em></strong></span> <span class='ocrx_word' id='word_1_319' title='bbox 1210 4163 1341 4234; x_wconf 78' lang='grc' dir='ltr'><strong><em>(διπλοῦν</em></strong></span> <span class='ocrx_word' id='word_1_320' title='bbox 1354 4159 1412 4215; x_wconf 80' lang='grc' dir='ltr'><strong><em>δυο</em></strong></span> 
     </span>
     <span class='ocr_line' id='line_1_40' title="bbox 301 4248 1413 4324; baseline -0.005 -15"><span class='ocrx_word' id='word_1_321' title='bbox 301 4253 399 4324; x_wconf 82' lang='lat' dir='ltr'><strong>pedes,</strong></span> <span class='ocrx_word' id='word_1_322' title='bbox 418 4254 454 4311; x_wconf 87' lang='lat' dir='ltr'><strong><em>of.</em></strong></span> <span class='ocrx_word' id='word_1_323' title='bbox 464 4253 578 4309; x_wconf 79' lang='lat' dir='ltr'><strong>Acheru.</strong></span> <span class='ocrx_word' id='word_1_324' title='bbox 592 4252 673 4308; x_wconf 84' lang='lat' dir='ltr'><strong>eohol.</strong></span> <span class='ocrx_word' id='word_1_325' title='bbox 682 4252 756 4321; x_wconf 76' lang='lat'><strong>358),</strong></span> <span class='ocrx_word' id='word_1_326' title='bbox 772 4251 822 4306; x_wconf 83' lang='lat' dir='ltr'><strong>sed</strong></span> <span class='ocrx_word' id='word_1_327' title='bbox 837 4250 974 4320; x_wconf 78' lang='lat' dir='ltr'><strong>signifieat</strong></span> <span class='ocrx_word' id='word_1_328' title='bbox 989 4249 1102 4306; x_wconf 86' lang='lat' dir='ltr'><strong>duorum</strong></span> <span class='ocrx_word' id='word_1_329' title='bbox 1119 4250 1237 4305; x_wconf 86' lang='lat' dir='ltr'><strong>colorum</strong></span> <span class='ocrx_word' id='word_1_330' title='bbox 1245 4248 1413 4304; x_wconf 75' lang='lat' dir='ltr'><strong>coniunctio·</strong></span> 
     </span>
     <span class='ocr_line' id='line_1_41' title="bbox 302 4334 1412 4407; baseline -0.008 -10"><span class='ocrx_word' id='word_1_331' title='bbox 302 4357 364 4397; x_wconf 90' lang='lat' dir='ltr'><strong><em>nem</em></strong></span> <span class='ocrx_word' id='word_1_332' title='bbox 374 4342 404 4397; x_wconf 88' lang='lat' dir='ltr'><strong><em>in</em></strong></span> <span class='ocrx_word' id='word_1_333' title='bbox 417 4358 501 4398; x_wconf 82' lang='lat' dir='ltr'><strong>unum</strong></span> <span class='ocrx_word' id='word_1_334' title='bbox 511 4357 618 4398; x_wconf 81' lang='lat' dir='ltr'><strong>veroum</strong></span> <span class='ocrx_word' id='word_1_335' title='bbox 632 4338 666 4396; x_wconf 81' lang='lat' dir='ltr'><strong><em>of.</em></strong></span> <span class='ocrx_word' id='word_1_336' title='bbox 686 4339 769 4397; x_wconf 81' lang='lat' dir='ltr'><strong>eohol.</strong></span> <span class='ocrx_word' id='word_1_337' title='bbox 789 4337 904 4396; x_wconf 77' lang='lat' dir='ltr'><strong>tharn.</strong></span> <span class='ocrx_word' id='word_1_338' title='bbox 917 4338 978 4403; x_wconf 78' lang='lat'><strong><em>284,</em></strong></span> <span class='ocrx_word' id='word_1_339' title='bbox 997 4337 1069 4407; x_wconf 85' lang='lat' dir='ltr'><strong>quod</strong></span> <span class='ocrx_word' id='word_1_340' title='bbox 1086 4337 1124 4393; x_wconf 84' lang='lat' dir='ltr'><strong><em>sio</em></strong></span> <span class='ocrx_word' id='word_1_341' title='bbox 1135 4340 1178 4392; x_wconf 74' lang='lat' dir='ltr'><strong><em>eoo</em></strong></span> <span class='ocrx_word' id='word_1_342' title='bbox 1196 4334 1412 4393; x_wconf 76' lang='lat' dir='ltr'><strong>restituendum:</strong></span> 
     </span>
    </p>
   </div>
   <div class='ocr_carea' id='block_1_7' title="bbox 0 0 1572 4984">
    <p class='ocr_par' dir='ltr' id='par_1_7' title="bbox 0 0 1572 4984">
     <span class='ocr_line' id='line_1_42' title="bbox 0 0 1572 4984; baseline 0 1"><span class='ocrx_word' id='word_1_343' title='bbox 0 0 1572 4984; x_wconf 95' lang='lat' dir='ltr'><strong><em> </em></strong></span> 
     </span>
    </p>
   </div>
  </div>
 </body>
</html>
