3134 4984
264 255 301 312 58
676 256 784 313 Seholio
801 258 964 330 inequites.
1017 257 1026 326 ζ

353 421 549 482 824-835.
592 408 718 482 ὁπόταν
736 420 873 500 χασμάτ
895 415 1009 504 Διπλῆ
1032 413 1144 482 δὲκαὶ
1166 410 1313 501 εῖσθεσις
1327 412 1377 495 εἰς

264 509 421 602 περίοδον
451 509 691 607 άναπαιστικήν
725 516 956 606 1τετράμετρον
983 516 1038 585 καῖ
1064 515 1285 604 εἰκοσίμετρον
1311 520 1376 585 δω-

266 615 461 702 δεκάκωλον,
498 611 555 705 [ὧν
573 618 612 687 τδ
633 626 763 706 πρῶτον
780 620 836 688 καὶ
855 623 1037 688 τελευταῖον
1057 617 1254 710 τετράμετρα
1276 647 1374 688 κατα-

265 717 408 810 ληκτικά.
451 722 493 788 τά
521 722 558 791 δὲ
587 722 689 791 λοιπά
719 721 864 811 δῖμετρα.
908 723 969 790 ε’πὶ
995 730 1043 813 τῷ
1069 725 1154 793 τέλει
1182 726 1284 814 διπλῆ
1313 721 1375 806 ἔξω

267 829 449 912 νενευκυῖα]
956 831 965 838 ’

353 953 466 1012 836-
478 955 551 1014 910.
596 951 699 1014 πᾶσιν
720 943 937 1034 άνθριόποιςε
958 948 1073 1036 Διπλῆ
1094 944 1149 1012 καὶ
1169 942 1319 1025 εῖσθεσις
1340 943 1375 1013 οὐ

266 1037 335 1112 κατ’
363 1043 436 1114 ἴσον
466 1052 536 1128 τοῖς
566 1041 788 1129 ἀναπαίστοις
816 1047 864 1129 εἰς
893 1048 1031 1136 ῖαμβικά
1054 1043 1254 1137 τετράμετρα
1275 1074 1374 1115 κατα-

265 1150 397 1238 ληκτικά
419 1147 688 1238 [ῖππωνάκτεια]
712 1148 771 1220 σε’.
802 1152 883 1239 [ἐπὶ
903 1158 977 1233 ταῖς
997 1144 1185 1220 άποθέσεσι
1207 1148 1375 1240 παράγρα-

266 1277 339 1342 φυς.
375 1252 434 1322 ἐπὶ
463 1254 500 1324 δὲ
521 1261 568 1345 τῷ
595 1254 682 1344 άκριμ
709 1262 768 1323 τοῦ
787 1255 970 1324 τελευταίου
997 1257 1099 1346 διπλῆ
1125 1253 1187 1337 ἔξω
1208 1260 1376 1324 νενευκυῖα.

264 1355 349 1437 τινὲς
371 1356 408 1425 δὲ
428 1358 469 1424 τά
494 1354 581 1426 ἑπτὰ
603 1364 718 1447 πρῶτα
737 1361 825 1426 κῶλα
846 1356 891 1439 οῖς
912 1357 1130 1450 ἀντιστροφὴν
1151 1355 1343 1449 εἰλήφασιν]
1415 1389 1420 1409 ·

354 1485 549 1546 911-940.
593 1478 671 1563 ἐμοῦ
698 1478 757 1564 μὲν
788 1473 872 1548 ovio:
902 1482 1016 1569 Διπλῆ
1043 1479 1098 1545 καί
1133 1475 1303 1558 ἐῖινθεσις
1328 1474 1376 1557 εἰς

264 1573 437 1665 άμυιβαῖον
463 1581 561 1667 μέλος
588 1588 654 1648 τῶν
680 1579 864 1666 ὑποκριτῶν
888 1578 998 1650 κάλων
1019 1580 1193 1669 τριάκοντα
1220 1581 1376 1671 διμέτριυν

266 1675 507 1773 άκαταλήκτων,
536 1684 621 1774 πλὴν
641 1692 701 1752 τοῦ
720 1681 959 1774 παρατελεότσυ
980 1684 1191 1773 μσνομέτρυυ,
1225 1683 1377 1774 συνήθως

267 1784 323 1853 καὶ
348 1789 425 1854 8τοῖν
447 1787 631 1856 τελευταίου
651 1785 906 1879 ἓφθημιμεροιῖς.
932 1787 991 1856 ε’πῖ
1012 1794 1060 1878 τῷ
1073 1788 1159 1859 τέλει
1176 1785 1234 1857 δύο
1249 1791 1376 1871 διπλαῖ,

266 1886 366 1978 ἡμῖν
387 1886 421 1957 ἐν
443 1883 524 1981 άρχῇ
545 1897 602 1960 τοῦ
623 1888 741 1973 κάλον,
761 1891 780 1980 ἡ
802 1893 839 1960 δὲ
860 1893 942 1960 κατὰ
963 1892 1002 1959 τὸ
1023 1892 1123 1974 τέλος.

356 2017 552 2078 941-942.
597 2003 631 2077 εὖ
654 2034 690 2097 με
712 2009 748 2100 νὴ
768 2009 825 2077 τὸν
846 2008 939 2079 Δίας
963 2013 1077 2100 Λιπλῆ
1102 2009 1180 2077 4καὶ
1200 2016 1260 2078 τοῖν
1279 2015 1377 2099 χοροῦ

263 2110 519 2191 ἐνέπεισθέσει.
543 2103 588 2179 ὦν
611 2113 649 2181 τὸ
670 2120 803 2202 πρῶτον
823 2112 861 2181 ἐκ
881 2118 1051 2203 τροχαῖκῆς
1071 2111 1200 2199 βάσεως
1222 2113 1278 2181 καὶ
1297 2107 1377 2180 άνα-

268 2220 458 2306 παιστικῆς,
487 2216 542 2285 καί
572 2212 794 2307 ἓφθημιμερὲς
816 2215 1002 2307 ἢἼωνικὸν,
1038 2210 1108 2285 άπὸ
1127 2217 1187 2303 μὲν
1206 2216 1376 2306 τριμέτρου

267 2316 506 2412 καταληκτικόν.
555 2321 768 2410 ἀτακτότερον
814 2320 851 2388 δὲ
886 2319 950 2403 iicet
984 2321 1043 2411 τὴν
1079 2321 1249 2411 τροχαῖκὴν
1280 2317 1378 2407 βάσιν

271 2422 486 2515 ὁἓπτάσημον.
505 2424 543 2490 τὸ
567 2423 603 2491 δὲ
621 2422 770 2511 δεύτερον
792 2424 1036 2513 πενθημιμερὲς
1057 2423 1167 2491 κοινὸν
1188 2423 1377 2492 δακτυλικὸν

269 2527 324 2597 καί
353 2520 597 2595 άναπαιστικάν.
636 2524 788 2616 ἐπίτηδες
819 2527 1051 2612 διαλελυμένως
1069 2527 1126 2595 τὸν
1152 2527 1252 2609 πεζὸν
1271 2525 1377 2614 λόγον.

268 2629 339 2701 ἔστι
361 2630 397 2698 δὲ
420 2629 528 2698 πολλά
551 2628 606 2697 καὶ
626 2631 703 2718 παρ’
724 2626 888 2698 Εὐπόλιδι
910 2630 1158 2719 σεσημειωμέυα.

356 2759 553 2821 eea-972.
598 2747 669 2837 [καί
689 2774 745 2836 μοι
768 2752 882 2819 δοκεῖς
904 2751 1054 2837 Κορωνὶς
1074 2747 1189 2839 ἑτέρων
1209 2747 1379 2819 εἰσιόντων

268 2860 331 2923 τῶν
348 2852 542 2943 ὑποκριτῶν.
567 2850 599 2921 οῖ
621 2852 657 2923 δὲ
679 2851 784 2936 στίχοι
807 2852 954 2949 ίαμβικοῖ
976 2852 1140 2944 τρῖμετρσι
1161 2851 1379 2945 άκατάληκτοι

268 2957 304 3026 λ’.
333 2951 378 3026 ὦν
397 2960 580 3037 τελευταῖος
1208 2963 1212 2969 ’

479 3077 541 3133 ἰδοὺ
560 3074 632 3132 odoi.
657 3077 690 3145 νὴ
710 3076 761 3133 τὸν
778 3079 830 3132 Δί’
850 3079 934 3133 οὐδὲν
949 3079 1057 3133 κωλύει.

268 3180 328 3249 ἐπὶ
349 3188 396 3271 τῷ
418 3179 504 3248 τέλει
525 3176 681 3268 καρωνίς.]

358 3412 374 3468 1
391 3410 543 3480 Legebetur
561 3407 632 3480 apud
644 3407 819 3464 Heliodorum
837 3414 1161 3482 ιεσσαραεικοσιμετρον.
1239 3410 1256 3462 2
1275 3409 1378 3463 Recen-

269 3499 322 3555 tior
349 3496 495 3553 scholiasta
518 3497 587 3552 hone
613 3495 752 3565 periodum
781 3496 894 3548 ἔκθεσιν
920 3500 968 3561 τῆς
991 3497 1092 3561 διπλῆς
1117 3510 1175 3548 esse
1199 3494 1271 3560 vult,
1305 3494 1379 3564 quod

268 3584 389 3640 indicent
413 3582 464 3636 δύο
490 3584 591 3637 διπλαῖ,
618 3583 647 3637 in
672 3581 724 3636 fine
748 3583 979 3637 commemoratae.
1082 3581 1194 3636 3Alioe
1218 3582 1378 3651 grammati-

271 3688 316 3728 eus
343 3668 484 3726 Heliodori
514 3668 691 3738 explicatione
718 3685 783 3723 usus
812 3666 863 3723 hoe
891 3667 980 3722 addit:
1017 3665 1120 3726 Ἄλλως·
1156 3669 1285 3721 ἐντεῦθεν
1307 3667 1378 3738 μετὰ

270 3758 301 3812 τὸ
321 3757 369 3812 κδ’
388 3759 477 3813 ’κοῖλον
497 3757 670 3829 διακέκριται
690 3761 747 3815 τοῖς
765 3751 938 3826 προσώποις.
957 3756 1014 3807 εἰσὶ
1032 3754 1061 3807 δὲ
1081 3758 1130 3806 ἴσα
1142 3750 1200 3806 ὅλα.
1219 3756 1266 3807 καὶ
1278 3753 1379 3825 ὅμοιον

270 3850 348 3899 ποιεῖ
362 3840 392 3897 τὸ
409 3842 474 3898 ὅλον
492 3840 669 3915 περισδικόν.
691 3839 722 3894 τὸ
740 3841 771 3895 δὲ
790 3842 947 3896 τελευταῖον
965 3840 1062 3912 ἑτέραν
1080 3840 1137 3910 ἔχει
1158 3840 1309 3912 διαίρεσιν,
1327 3838 1379 3906 τὴν

270 3935 311 3992 εἰς
334 3934 480 4004 τρίμετρον
504 3924 710 3994 καταληκτικόν.
745 3925 779 3980 ef.
805 3928 1000 4000 κωλσμετρίαν.
1028 3955 1063 3965 -
1097 3930 1235 3996 τρίμετρα
1260 3927 1380 3991 καταλη-

271 4014 352 4069 κιικά
374 4018 405 4070 Θ.
511 4013 586 4068 dne
604 4011 654 4066 hoo
669 4010 770 4067 scholio
788 4011 850 4066 vide
868 4014 1063 4084 κωλομετρίαν.
1092 4009 1182 4065 Verba
1200 4000 1240 4065 υῖν
1256 4006 1287 4062 τὸ
1306 4014 1381 4084 πρῶ-

270 4119 377 4154 τον-
400 4100 526 4166 ἐπίτηδες
555 4101 619 4153 sunt
642 4098 798 4154 redentiorie
821 4096 990 4167 grammatici
1013 4098 1075 4151 iord
1094 4097 1134 4150 sio
1149 4095 1315 4150 emendando
1333 4100 1381 4149 καὶ

274 4185 480 4240 άναπαιστικοῦ
498 4189 729 4257 πενθημιμεροῦς
747 4183 774 4254 [ἢ
792 4183 917 4238 Ἰωνικοῦ
942 4183 999 4237 άπὸ
1016 4186 1146 4254 μείζονος
1168 4186 1313 4255 τριμέτρσυ
1330 4201 1381 4236 κα·

274 4269 459 4342 ταληκτικοῦ].
564 4269 581 4327 5
599 4271 738 4343 ἐπίσημον
756 4269 823 4336 οῦδ,
841 4269 912 4341 quod
929 4267 1018 4325 Dfibn.
1035 4267 1195 4325 emendavit.
