3134 4984
593 346 700 402 Scholia
717 347 746 401 in
765 347 878 417 equites.
1162 383 1166 387 ,
1208 340 1212 343 ’
1254 346 1289 400 53

180 500 214 567 ἐν
235 498 368 568 ἐκθέσει
389 502 425 569 δέ
446 496 568 569 τοότων
597 499 703 585 στίχοι
730 501 896 589 τροχαὶκοὶ
924 497 1135 590 τετράμετροι
1155 503 1289 591 καταλη-
1391 498 1395 503 ’

180 603 287 672 κτικοὶ
309 605 416 674 πέντε.
451 598 494 672 ὧν
516 606 697 685 τελευταῖος

353 724 540 801 ἀλλ’όμύνου
559 729 605 780 καὶ
623 728 707 780 δίωκε
727 729 774 779 καὶ
791 698 897 800 τροπὴν
915 729 999 781 αὐτοῦ
1016 732 1112 780 ποιοῦ.

114 846 137 861 ”
180 826 240 894 ἐπὶ
260 831 334 907 ταῖς
356 819 545 894 άπυθέσεσι
569 823 795 916 παράχραφος.
818 827 877 896 ἐπὶ
894 828 930 896 δέ
951 833 999 916 τῷ
1011 827 1097 897 τέλει
1112 829 1169 894 τοῦ
1183 829 1289 893 τελευ-

179 926 273 997 ταίου
295 929 405 1010 στίχου
425 926 607 1018 κορωνίς.)1

255 1057 463 1117 -246-283.
509 1046 684 1135 [Εἴσθεσις
705 1050 742 1118 δέ
762 1059 820 1141 τῆς
843 1053 960 1142 διπλῆς
983 1049 1159 1138 άμοιβαίας
1173 1048 1290 1137 ἐτέρων

180 1151 344 1221 εἰσιόντων
377 1151 570 1240 ὑποκριτῶν.
613 1152 644 1221 οὶ
680 1154 717 1221 δέ
745 1152 852 1238 στίχοι
888 1155 1052 1244 τροχαΐκοί
1085 1150 1290 1244 τετράμετροι

179 1255 411 1346 καταληκτικοί
431 1251 491 1339 λζ’.
522 1249 565 1324 ὧν
585 1259 765 1336 τελευταῖος

352 1380 399 1431 καὶ
417 1381 538 1450 τέμαχος
555 1367 590 1432 οὗ
610 1381 747 1452 Περικλῆς
766 1379 816 1432 οὐκ
832 1377 939 1446 ἠξιώθη
959 1377 1083 1434 πώποτε.

105 1612 126 1626 “
176 1608 242 1667 χων
264 1584 366 1670 διπλῆ
387 1578 449 1663 ἐξω
470 1585 673 1668 νενευκυῖα.]2

268 1710 467 1771 284—302.
510 1695 787 1770 άποθανεῖσθονε
815 1705 930 1792 Διπλῆ
955 1703 1030 1770 3καί
1052 1700 1201 1784 ελσδεσις
1225 1728 1288 1771 πε-

179 1806 304 1896 ριοδικὴ
327 1805 438 1874 κιόλιον
461 1805 526 1874 ιδ’.
555 1798 600 1873 ὧν
620 1806 661 1872 τά
684 1806 744 1891 μέν
766 1801 810 1874 ιε’
832 1800 992 1892 άμοιβαῖα
1013 1813 1078 1875 τῶν
1101 1806 1288 1896 ὑποκριτῶν

178 1908 323 1998 δίμετρα.
369 1909 411 1975 τὰ
433 1909 469 1975 δὲ
491 1909 633 1997 τέσσαρα
661 1908 799 1991 ἐναλλὰξ
824 1903 1040 2000 α’κατάληκτα.
1083 1910 1138 1979 καὶ
1159 1907 1287 2001 μήποτε

178 2012 245 2082 εἰσὶ
266 2010 395 2095 δίστιχον
412 2008 609 2101 τετράμετρα
631 2013 856 2101 καταληκτικά.
1275 2022 1277 2025 ’

268 2157 464 2217 303—321.
499 2152 550 2215 Θ.
590 2141 637 2233 [ὦ
665 2147 761 2236 μιαρέ
789 2148 844 2214 καὶ
868 2147 1029 2236 βδελυρέε
1059 2150 1205 2238 Κορωνὶς
1232 2151 1289 2218 καὶ

179 2250 329 2332 είσθεσις
347 2256 447 2339 χοροῦ
468 2250 632 2340 ἐπῳδική,
656 2250 770 2320 διὰτὸ
792 2249 956 2318 τίθεσθαι
976 2252 1058 2337 μετὰ
1081 2251 1139 2342 τὴν
1161 2254 1288 2342 διπλῆν,

178 2357 217 2425 ἐκ
236 2350 345 2422 κάλων
366 2360 555 2421 παιωνικῶν
584 2349 842 2441 ἐπιμεμιγμένων
863 2360 1026 2443 κρητικοῖς
1048 2356 1105 2423 καὶ
1125 2353 1290 2440 βακχείοις

179 2459 278 2527 ἐννέα.
323 2450 367 2524 τόν
397 2457 592 2545 τὸπρῶτον
621 2456 770 2545 δίμετρον
801 2451 1036 2547 άκατάληκτον,
1079 2451 1120 2529 4δ
1144 2462 1290 2528 καλεῖται

179 2561 369 2651 δίρρυδμον.
411 2560 449 2628 τδ
485 2557 634 2646 δεύτερον
672 2559 842 2649 τρίμετρον
875 2561 1189 2651 βραχυκατάληκτον,
1232 2571 1288 2631 τοῦ
1315 2554 1317 2559 ’

178 2663 312 2757 πρώτου
335 2667 440 2746 ποδὸς
462 2669 628 2754 κρητικοῦ,
651 2665 765 2732 τοῦδέ
788 2664 936 2754 δευτέρου
956 2665 1116 2751 βακχείου.
1154 2668 1195 2732 τὰ
1217 2664 1289 2757 ἑξῆς

179 2771 324 2858 τέσσαρα
350 2767 448 2854 ὅμοια
469 2774 516 2856 τῷ
545 2764 666 2856 πρώτῳ
688 2767 724 2835 ἐκ
754 2774 917 2857 κρητικῶν.
954 2769 995 2837 τδι
1017 2769 1053 2836 δέ
1076 2764 1197 2837 τοότων
1217 2767 1289 2860 ἑξῆς

179 2871 254 2963 τρία
278 2869 394 2958 ὅμοια,
431 2878 490 2938 τοῦ
516 2870 664 2959 δευτέρου
691 2870 795 2951 ποδὸς
816 2877 977 2961 κρητικοῦ,
1020 2871 1074 2939 ὓέν
1095 2871 1228 2940 ἐκθέσει
1251 2874 1288 2941 δέ

181 2975 287 3059 στίχοι
319 2974 486 3063 τροχαϊκοὶ
515 2975 723 3063 τετράμετροι
755 2974 991 3065 καταληκτικοί.
1035 2975 1095 3044 ἐπὶ
1124 2983 1171 3066 τῷ
1203 2976 1288 3045 τέλει

179 3077 323 3169 κορωνίς.
346 3075 418 3168 ἐξῆς
440 3079 476 3146 δέ
498 3077 531 3145 ἐν
554 3077 700 3146 εἰσθέσει
715 3077 862 3167 σύστημα
884 3081 967 3147 κατὰ
992 3081 1177 3170 περικοπὴν
1196 3077 1289 3165 άμοι-

179 3188 275 3271 βαῖον
296 3181 332 3249 ἐκ
354 3180 472 3264 στίχων
492 3179 629 3268 ὁμοίων,
653 3182 712 3249 ἐπὶ
734 3188 781 3270 τῷ
802 3184 888 3249 τέλει
910 3179 1151 3271 παράχραφος]

266 3395 282 3450 1
305 3394 348 3449 ef.
364 3397 567 3467 κωλομετρίαν,
596 3392 643 3447 ubi
660 3393 833 3448 reconciliata
853 3396 962 3450 exstant
984 3395 1067 3451 verba
1084 3396 1222 3453 Heliodori
1239 3399 1290 3455 hoc

180 3482 282 3539 scholio
299 3481 409 3538 tradita.
487 3480 594 3535 2Alius
618 3480 788 3551 grammaffici
806 3483 945 3536 annotatio
969 3484 1083 3538 occum't
1100 3484 1177 3539 haec:
1213 3492 1289 3551 παῖε,

179 3575 268 3623 nale:
290 3568 437 3623 Ἐντεῦθεν
453 3568 469 3634 ἡ
490 3566 616 3639 πάροδος
633 3571 742 3636 γίνεται
766 3572 816 3621 τοῦ
830 3574 919 3640 χοροῦ
938 3568 995 3623 ἀπὸ
1018 3572 1072 3625 τῶν
1089 3575 1199 3626 ἱππέων
1215 3588 1288 3643 συμ-

179 3658 380 3727 πληρουμένου.
400 3655 501 3711 ολτινες
514 3653 736 3725 ἐπικαλουμένου
750 3651 919 3715 ἀκούσαντες
929 3660 978 3710 τοῦ
991 3656 1176 3730 θεράποντος,
1189 3658 1290 3718 εὐθέως

179 3742 369 3814 ἀφικνοῦνται
393 3736 582 3807 βοηθήσοντες
613 3739 694 3807 αὐτῷ.
734 3737 1015 3815 ταραξιππόστρατον
1043 3743 1074 3797 δὲ
1098 3746 1214 3798 καλοῦσι
1240 3744 1290 3801 τὸν

179 3827 312 3888 Κλέωνα,
343 3826 470 3878 τουτέστι
494 3825 544 3880 τὸν
570 3822 726 3898 ταράξαντα
754 3822 785 3877 τὸ
808 3828 917 3891 πλῆθος
941 3828 972 3880 τὸ
993 3826 1120 3882 ἱππικόν.
1141 3834 1236 3882 τοῦτο
1257 3830 1289 3883 δὲ

179 3913 276 3977 εἶπεν,
292 3913 338 3963 ἵνα
356 3907 474 3971 δόξωσιν
495 3907 609 3969 εἰκότως
625 3908 698 3979 αὐτῷ
712 3914 896 3979 χαλεπαίνειν
919 3917 966 3966 καὶ
984 3914 1063 3967 αὐτοὶ
1082 3920 1129 3968 καὶ
1147 3918 1288 3985 πολεμεῖν.

179 3997 263 4064 ἢῖνα
285 3994 334 4049 τὸν
356 3998 472 4048 Κλέωνα
491 3996 568 4069 δείξη
594 3994 642 4049 διδ
667 3994 780 4050 πάντων
804 3997 1012 4071 λυμαινόμενον
1028 3999 1080 4068 τίμ
1097 3999 1198 4066 πόλιν,
1229 4001 1290 4054 δια·

180 4085 336 4155 φθείροντα
355 4082 409 4151 μὲν
428 4080 459 4133 τὸ
479 4079 611 4145 ἱππικόν,
631 4080 865 4156 σφετεριζόμενον
883 4085 914 4138 δὲ
931 4084 995 4144 τοὺς
1010 4083 1120 4159 φόρους.
1197 4087 1215 4141 3
1232 4087 1291 4141 Hoc

181 4166 313 4223 scholium
331 4168 366 4221 ab
382 4165 527 4222 ΗεΗοδυιο
547 4167 696 4236 profectum
720 4169 753 4223 cf.
772 4169 802 4222 in
820 4173 924 4240 κωλομ,
1024 4172 1043 4226 4
1060 4171 1200 4241 Intellegit
1214 4172 1291 4227 scho-

180 4254 265 4308 liasta
279 4253 467 4318 Heliodorum,
494 4253 523 4308 id
542 4255 613 4324 quod
630 4258 659 4311 et
675 4255 720 4310 hic
746 4258 774 4309 et
791 4256 839 4310 alii
856 4255 936 4313 huius
953 4260 1060 4329 genefis
1077 4260 1130 4316 loci
1145 4261 1290 4315 testantur.
1318 4325 1321 4329 ¹

180 4340 200 4397 5
225 4339 256 4395 ἐν
278 4342 387 4395 ἐκθέσει
411 4369 445 4381 -
471 4344 667 4409 καταληπτικοί
693 4343 758 4398 sunt
773 4342 920 4400 Heliodori.
