3134 4984
270 279 305 333 lo
692 276 801 334 Scholia
819 278 848 334 in
866 278 960 336 nubes.

270 429 420 514 εἰσθεσις
446 439 505 524 τῆς
528 434 648 525 διπλῆς
674 432 712 503 ἔτι
735 432 852 520 στίχων
880 434 1039 523 ἶαμβικῶν
1060 436 1235 527 τριμέτρων
1255 432 1378 506 άκατα-

270 532 393 627 λὴκτων
410 537 469 627 ιγ’,
493 531 537 605 ὧν
557 542 740 621 τελευταῖος
1279 536 1284 540 ’

515 663 578 715 οἵαν
596 662 679 730 δίκην
695 667 753 724 τοῖς
771 660 868 736 κόρεσι
887 661 968 719 ceco
987 662 1115 738 τήμερον.

271 760 331 829 ἐπὶ
350 767 398 851 τῷ
417 758 504 829 τέλει
524 763 626 854 διπλῆ
648 759 711 847 ἔξω
731 770 901 833 νενευκυῖα.
913 768 951 854 ¹]

358 1038 372 1092 l
397 1035 439 1091 Ad
457 1049 563 1091 versum
580 1034 681 1092 ethin
697 1034 775 1090 R.V.
798 1011 912 1117 legitor:
948 1038 1009 1105 εἴδη
1034 1040 1146 1112 μέτρων
1171 1031 1215 1098 οἷς
1231 1041 1279 1091 καὶ
1289 1039 1379 1111 Ἀρχί-

271 1129 354 1195 λοχος
369 1127 497 1195 κέχρηται
514 1122 544 1176 ἓν
561 1124 720 1197 τριμέτροις
739 1126 787 1176 καὶ
803 1126 1009 1197 τετραμέτρους.
1038 1123 1204 1179 adeundam
1220 1140 1327 1179 versum
1344 1127 1380 1180 ab

270 1209 324 1267 alic
342 1208 488 1264 scholiasta
507 1208 574 1264 hacc
596 1210 757 1264 annotatum
793 1206 995 1264 κατενόπλιονι
1015 1210 1101 1270 Εἶδος
1120 1213 1232 1285 ῥυθμοί
1257 1210 1328 1285 πρὸς
1346 1211 1380 1266 δν

270 1297 410 1371 ὠρχοῦντο
428 1302 547 1355 σείοντες
566 1293 601 1348 τὰ
618 1291 701 1348 ὅπλα.
729 1293 833 1354 Ἄλλως.
850 1292 991 1363 ἐνόπλιον,
1009 1295 1060 1350 τὸν
1075 1295 1269 1371 ἅμφίμακρον,
1288 1296 1379 1357 ὅςκαὶ

271 1378 441 1457 Κουρητικός
461 1383 585 1434 καλεῖται
604 1377 661 1432 άπὸ
678 1383 748 1433 ’τοῦ
767 1378 802 1433 τά
821 1378 941 1440 ε1ςτοδς
966 1380 1133 1458 1’Κούρητας
1148 1384 1219 1452 μέλη
1233 1380 1324 1452 τούτῳ
1342 1390 1380 1453 τῷ

269 1471 360 1541 μέτρῳ
391 1470 550 1541 κεχρῆσθαι.
598 1464 721 1536 (Ἄλλως.
758 1465 948 1540 ἀριθμητικὸν
976 1467 993 1535 ἢ
1022 1465 1218 1540 γεωμετρικόν.
1256 1469 1316 1522 ἔστι
1347 1470 1379 1523 δὲ

270 1555 402 1627 ι’ῥυθμοῦ
421 1555 469 1607 καὶ
486 1552 641 1627 κρούματος
659 1552 733 1612 εἶδος
750 1550 780 1605 τὸ
801 1552 870 1605 κατὰ
895 1551 1046 1619 δάκτυλον,
1073 1545 1095 1623 ᾧ
1106 1558 1232 1627 χρῶνται
1249 1559 1278 1608 οἱ
1295 1555 1380 1622 αὐλη-

270 1642 316 1694 ταὶ
338 1638 395 1711 πρὸ
418 1642 467 1693 τοῦ
488 1635 596 1710 νόμου.)
625 1667 659 1678 -
697 1636 802 1691 ὁκατὰ
825 1635 980 1707 δάκτυλον,
1011 1637 1121 1714 ῥυθμός
1144 1641 1219 1694 ἔστιν
1241 1641 1257 1693 ὁ
1279 1642 1309 1695 ἐν
1329 1646 1379 1712 ἴσῳ

270 1723 351 1797 λόγῳ.
368 1724 383 1779 ὁ
403 1725 433 1780 δὲ
452 1722 579 1784 ἐνόπλιος
596 1726 643 1778 καλ
661 1722 871 1799 ὒπροσοδιακὸς
888 1723 1040 1796 λεγόμενος
1055 1724 1111 1780 ὑπό
1129 1745 1215 1783 τινων
1235 1725 1379 1797 ου’γκειται

271 1812 302 1867 ἐκ
321 1813 470 1866 σπονδείου
489 1813 536 1865 καλ
554 1817 710 1886 πυρριχίου
729 1814 776 1864 καὶ
794 1817 930 1885 τροχαίου
945 1815 993 1865 καὶ
1011 1802 1126 1882 ἰάμβου.
1146 1818 1335 1884 συνεμπίπτει
1349 1815 1380 1868 δὲ

270 1889 350 1961 οἶτος
376 1897 437 1966 ἤτοι
465 1899 619 1970 οτριποδίρ
640 1898 840 1972 ἀναπαιστικὴ,
864 1894 1000 1966 ἡβάσεσι
1019 1899 1114 1964 δυσίν,
1141 1897 1249 1972 Ἰωνικὴ
1266 1901 1314 1952 καὶ
1327 1919 1380 1969 χο-

270 1987 410 2060 ριαμβικὴ.
499 1983 591 2039 acino
609 1982 708 2037 τούτου
726 1984 812 2043 ε1ςΒι
883 1985 1063 2056 11Κουρὴτας
1073 1983 1107 2038 V.
1126 1990 1236 2058 Κρῆτας
1248 1984 1290 2051 Gn,
1310 1985 1381 2056 quod

269 2070 358 2127 Dtbn
376 2068 479 2127 emcnd-
550 2068 641 2124 cion
660 2067 768 2143 ῥυθμὸς
779 2069 823 2138 lt,
840 2068 1013 2140 quodncbn.
1032 2086 1099 2126 corr.
1158 2071 1382 2143 connectente

270 2157 349 2213 111.
373 2155 388 2210 ὁ
409 2155 785 2229 καλπροσοδ.Ηο1111111111111.
857 2147 969 2216 θοῖιτος
986 2158 1017 2212 ἐν
1035 2162 1068 2231 τὴ
1086 2175 1161 2228 τριπ.
1179 2157 1211 2211 R.
1224 2157 1257 2210 V.
1282 2158 1312 2212 111
1327 2158 1380 2214 fine

270 2245 303 2300 V.
327 2247 443 2317 ἰαμβικῇ
459 2245 507 2296 καὶ
523 2247 637 2317 χορικὴ,
656 2241 727 2313 quod
746 2242 836 2298 Dabo.
856 2243 961 2298 emend.
979 2273 1014 2282 -
1064 2243 1154 2298 Codex
1171 2243 1285 2310 Tausin:
1312 2246 1379 2298 Κατ’

271 2329 404 2388 ἐνόπλιον
423 2327 532 2403 ῥυθμὸς
558 2335 655 2399 στίχος
677 2328 712 2397 ἡν
729 2330 913 2401 συγκέίμενος
934 2331 964 2383 ἐκ
985 2327 1036 2383 δύο
1062 2329 1203 2397 δακτύλων
1222 2335 1270 2383 καὶ
1290 2347 1379 2386 σπον-

272 2418 363 2481 δείου,
392 2414 408 2470 ὃ
430 2418 537 2489 μέτρον
559 2417 611 2484 Ικαλ
635 2415 824 2490 πυρριχαϊκὸν
851 2416 959 2486 ἐλέγετο
988 2412 1045 2469 άπὸ
1063 2414 1177 2491 Πύρρου
1205 2415 1285 2478 τινὸς
1310 2414 1381 2471 οὕτω

270 2506 378 2571 κληθέν.
396 2502 494 2571 ἔλεγον
512 2500 543 2555 δὲ
565 2505 645 2554 τοῦτο
663 2499 716 2555 σδν
732 2500 829 2562 ὅπλοις
850 2500 1012 2575 κινούμενοι
1033 2530 1067 2541 -
1095 2493 1243 2563 Ἄλλως-
1258 2524 1380 2579 χοριαμ-

270 2593 340 2658 βικὴ.
376 2588 406 2644 111
421 2586 482 2643 Ald.
501 2587 560 2642 ἔστι
579 2587 610 2642 δὲ
627 2585 642 2640 ὁ
661 2588 692 2643 ἓν
709 2587 839 2659 ἡμιολίῳ·
868 2589 884 2656 ἡ
903 2587 958 2663 γάρ
976 2587 1071 2661 μακρά
1088 2587 1159 2662 πρὸς
1176 2588 1224 2649 τάς
1241 2587 1294 2644 δόο
1313 2597 1382 2664 βρα-

267 2680 348 2747 χείας
376 2672 441 2729 λαόν
466 2693 492 2726 τι
523 2674 581 2743 ἔχει
609 2671 721 2747 ῥυθμὸν
739 2675 770 2728 ἐκ
792 2676 940 2746 τριποδίας
969 2672 1188 2740 ἀναπαιστικόν,
1218 2674 1247 2733 ὃς
1272 2676 1381 2745 δέχεται

270 2760 377 2821 πάντας
394 2759 457 2820 τοὺς
475 2759 659 2828 δισυλλάβους
676 2757 773 2819 πόδας.
794 2763 823 2840 οἱ
841 2761 872 2815 δὲ
893 2759 1040 2840 ἐνόπλιον,
1059 2760 1108 2814 τὸν
1128 2760 1333 2838 άμφίμακρον,
1353 2759 1384 2821 ὃς

270 2851 318 2904 καὶ
335 2846 473 2922 Κρητικός
491 2837 614 2899 καλεῖται
633 2843 689 2899 ἀπὸ
709 2850 761 2900 τοῦ
777 2849 817 2907 εἰς
834 2845 898 2906 τοὺς
914 2845 1059 2919 Κούρητας
1077 2844 1259 2917 ἀναγομένου
1274 2850 1382 2918 μέλους.

271 2933 359 3006 τούτῳ
387 2932 441 3008 γάρ
463 2937 501 3001 τῷ
527 2933 619 3003 μέτρῳ
642 2937 863 3004 προσωρχοῦντο
892 2937 1013 2991 σείοντες
1038 2930 1072 2985 τὰ
1090 2930 1172 2986 δπλα.
1208 2936 1332 2987 καλεῖται
1350 2934 1381 2988 δὲ

270 3019 407 3078 ἐνόπλιον
415 3017 484 3074 κατὰ
495 3016 644 3085 δάκτυλον,
658 3008 681 3088 ᾧ
687 3023 809 3090 χρῶνται
823 3015 894 3085 ζὴτει
906 3024 986 3078 τίνες,
1000 3022 1065 3077 ἴσως
1077 3018 1109 3073 δὲ
1117 3021 1206 3072 λείπει
1215 3017 1246 3072 τὸ
1261 3022 1289 3072 οἱ
1298 3017 1383 3086 αὐλη-

212 3108 216 3117 “
270 3113 325 3165 ταί.
344 3106 407 3164 fort.
414 3109 532 3174 ζητεῖται
548 3107 668 3171 ,,τινίς.“
688 3103 739 3159 hoc
751 3104 798 3175 qni
810 3104 920 3174 scripsit
929 3104 958 3159 in
968 3104 1056 3159 codice
1068 3120 1116 3159 suo
1124 3108 1188 3174 poet
1193 3110 1317 3180 χρῶνται
1329 3105 1383 3160 ali-

276 3198 343 3268 quot
354 3192 519 3266 syllabarum
530 3192 654 3247 lacunam
661 3192 779 3257 invenit,
798 3207 880 3262 quam
891 3191 972 3247 Dind.
982 3208 1017 3247 ex
1026 3192 1059 3246 V.
1070 3192 1187 3261 explevit
1197 3191 1266 3245 κατὰ
1280 3189 1384 3245 δάκτυ-

271 3286 334 3337 λονι
359 3275 545 3355 άριθμητικόν
569 3279 627 3331 ἐστι
651 3282 761 3352 μέτρον.
788 3278 846 3332 ἔστι
863 3279 894 3334 δὲ
911 3280 1023 3353 ῥυθμὸς
1042 3278 1199 3354 κροὺματος
1221 3277 1295 3336 εἶδος
1312 3276 1382 3330 κατὰ

271 3366 414 3432 δάκτυλον,
428 3354 451 3436 ᾧ
455 3368 578 3437 χρῶνται
597 3367 625 3418 οἱ
643 3363 767 3430 αὐληταί.
790 3363 805 3418 ὁ
819 3363 889 3418 κατὰ
904 3363 1039 3418 δάκτυλον
1053 3361 1164 3439 ῥυθμός
1175 3364 1250 3419 ἔστιν
1262 3363 1278 3416 ὁ
1291 3364 1321 3417 ἐν
1330 3367 1382 3433 ίσῳ

270 3453 364 3527 λόγος·
379 3454 394 3508 ό
408 3453 439 3508 δὲ
451 3448 591 3518 ἐνόπλιος,
605 3453 652 3502 καὶ
664 3448 862 3525 προσῳδιακδς
875 3449 1045 3522 καλούμενος
1055 3448 1109 3505 ὑπό
1125 3468 1219 3513 τινοιν,
1237 3446 1382 3519 σύγκειται

215 3602 219 3611 .
270 3544 301 3599 ἐκ
313 3541 464 3596 σπονδείου
482 3541 534 3608 καὶ,
546 3542 694 3613 πυρριχίου
712 3538 760 3590 καλ
779 3543 910 3610 τροχαίου
928 3541 980 3607 καὶ.
996 3535 1108 3614 ἰάμβου.
1143 3540 1330 3608 συνεμπίπτει
1349 3536 1383 3590 δὲ

270 3619 349 3690 οὗτος
370 3625 431 3695 ἡτοι
448 3623 584 3699 τριποδίᾳ
604 3622 809 3697 άναπαιστικὴ,
840 3622 857 3690 ἡ
874 3621 974 3692 βάσεσι
999 3624 1096 3688 δυσίν,
1128 3622 1314 3695 άναπαιστικὴ
1334 3623 1383 3674 καλ

268 3715 384 3790 Ἰωνικῇ.
421 3709 573 3767 emendavit
590 3725 621 3765 ex
640 3710 672 3765 R.
690 3709 723 3764 V.
743 3708 826 3764 Dind.
862 3708 897 3765 ad
921 3709 970 3764 ille
994 3709 1089 3765 scholii
1104 3708 1197 3763 Aldini
1221 3707 1302 3762 verba
1323 3708 1382 3761 ἔστι

195 3847 199 3853 .
271 3803 302 3858 δὲ
322 3802 384 3857 ὁὲν
401 3799 522 3874 ἡμιολίῳ
540 3796 606 3852 haee
624 3795 770 3852 annotavit
786 3795 970 3855 Hermannue:
989 3795 1167 3863 „hemiolium
1184 3794 1250 3849 dicit
1267 3793 1383 3850 etribns

272 3886 386 3962 pedibus
404 3885 585 3948 constantem,
607 3887 750 3954 propterea
767 3883 839 3953 quod
857 3882 915 3938 bini
932 3883 1014 3953 pedes
1032 3882 1167 3953 dipodinm
1182 3881 1382 3950 anapaesticam

272 3976 399 4033 efficiunt.
437 3973 476 4028 sic
502 3987 596 4028 versus
629 3969 823 4042 ithyphallicos
847 3969 995 4044 τροχαϊκὸς
1023 3968 1151 4043 ἡμιόλιος
1172 3967 1276 4023 dicitnr.
1313 3984 1383 4038 quae

274 4063 429 4133 sequuntur,
448 4059 489 4115 ite
507 4057 660 4115 emendavit
677 4056 783 4112 Dlibn.:
811 4056 827 4124 ἡ
846 4056 900 4132 γὰρ
917 4055 1010 4132 μακρὰ
1030 4055 1101 4130 πρὸς
1117 4053 1166 4116 τάς
1185 4052 1236 4109 δάο
1253 4060 1384 4129 βραχείας

272 4153 351 4204 ἴσον·
375 4149 422 4203 καὶ
440 4147 547 4216 lxo-2
583 4145 687 4201 Temen
705 4142 817 4215 propius
835 4143 870 4199 ad
895 4144 1037 4200 veritatem
1048 4141 1177 4199 accedere
1190 4140 1299 4220 *videtur
1315 4139 1382 4195 hoc:

161 4292 165 4299 ,
271 4234 327 4289 ἔστι
347 4233 379 4288 δὲ
397 4233 417 4287 ό
429 4231 577 4308 1ν(όπλιος)
596 4230 780 4307 ἡμιόλιον-
808 4232 824 4299 ἡ
843 4232 898 4306 γάρ
915 4230 1008 4305 μακρά
1027 4229 1098 4303 πρὸς
1114 4227 1163 4288 τάς
1183 4227 1233 4282 δύο
1251 4231 1383 4300 βραχείας

272 4325 335 4376 ἴσον
352 4319 408 4392 ἔχει
424 4319 583 4395 ῥυθμὸν-
602 4320 634 4375 lx
651 4318 799 4394 τριποδίας
817 4315 1030 4376 ἀναπαιστικόν.
1054 4346 1088 4357 -
1122 4316 1152 4371 in
1168 4315 1242 4373 Junc
1261 4312 1384 4371 scholion
