3134 4984
250 276 280 314 Vl

246 499 249 506 Ι
337 421 382 486 Ut
413 421 520 489 autem
554 418 802 484 dissertationem
830 416 919 482 illam
954 417 1060 501 paullo
1088 420 1160 504 post
1189 415 1361 502 δειτέραις,

250 544 286 609 31
306 542 351 607 113
374 542 492 618 11333,
519 534 690 627 φροντίσιν
710 539 883 605 recolerem
904 541 1066 622 ceteraque
1087 538 1206 605 scholia
1229 540 1362 605 metrica

250 664 431 742 adiicerem,
455 650 527 728 cum
548 661 585 728 G.
601 660 823 747 Bernhardyus
844 661 877 725 et
897 661 954 726 Th.
969 660 1123 745 Berglrius
1144 663 1361 746 praeceptores

249 806 300 851 me
324 784 566 863 admonuerunt,
604 786 674 851 133
701 780 918 850 benevolentia
936 782 993 847 illa
1017 781 1134 860 effecit,
1172 802 1233 866 qua
1261 803 1360 867 nuper

248 909 287 974 R.
306 905 471 990 Westphal
494 906 532 973 de
554 905 707 972 tirociniis
727 904 794 971 illis
816 924 909 969 suum
931 902 1084 969 iudicium
1105 904 1237 986 protulit
1253 905 1359 988 (Metr.

249 1027 365 1094 d.Gr.I
378 1047 449 1111 pag.
457 1026 584 1111 XXVI).
609 1024 767 1111 sicigitur
782 1025 906 1109 stipsis
922 1025 1105 1109 fragmentis
1116 1024 1312 1091 Heliodoreis
1328 1027 1359 1091 et
1453 1038 1455 1041 ·
1506 1110 1510 1117 ⁸

250 1148 473 1215 recentioribus
496 1148 622 1214 scholiis
642 1148 758 1214 iterum
777 1147 922 1225 incubui,
941 1147 975 1211 in
999 1166 1059 1232 quo
1074 1146 1181 1212 labore
1197 1147 1358 1212 commode

248 1269 375 1348 accidit,
407 1271 443 1335 ut
473 1269 638 1335 nonnullas
661 1268 857 1337 coniecturas
882 1268 933 1333 sat
952 1267 1129 1351 probabiles
1154 1268 1230 1334 Otto
1253 1268 1358 1345 Hense

247 1410 373 1457 mecum
396 1389 647 1457 communicaret.
722 1411 726 1417 ⁴
1146 1374 1151 1380 ‘

335 1514 463 1593 Restat,
499 1514 537 1577 ut
566 1511 603 1577 de
624 1510 744 1576 ratione
775 1530 869 1595 quam
895 1511 929 1577 in
952 1510 1023 1577 crisi
1045 1509 1234 1576 Heliodorea
1259 1512 1356 1577 secut'

170 1622 172 1625 ⁵
252 1634 349 1700 simus
370 1633 558 1717 paucissima
583 1632 838 1716 perstringamus.
884 1633 978 1717 atque
1000 1633 1036 1698 ut
1057 1634 1166 1697 vetera
1190 1632 1246 1698 illa
1266 1633 1357 1698 3313-
1389 1683 1392 1686 -

247 1756 290 1821 lia
318 1755 428 1838 quibus
456 1755 654 1839 potissimum
678 1752 861 1819 colometris
887 1753 1081 1829 continetur,
1109 1753 1143 1817 id
1169 1754 1251 1839 quod
1272 1774 1357 1819 sum·

248 1895 336 1941 mum
359 1877 441 1953 erat,
478 1876 555 1940 satis
581 1896 599 1940 3
620 1852 846 1940 recentioribus
867 1873 1169 1953 discriminaremus,
1207 1877 1357 1960 tanquam

250 1996 343 2062 duces
370 1997 460 2067 nobis
489 1997 578 2062 erant
611 2014 672 2088 non
695 1995 789 2060 modo
824 1994 986 2079 signorum
1023 2015 1099 2062 usus
1126 1996 1207 2081 apud
1235 1999 1357 2064 veteres
1386 2064 1391 2073 Ι

249 2118 433 2184 scholiastes
456 2119 488 2183 et
509 2117 698 2183 recentiores
727 2117 819 2202 plane
839 2117 1027 2196 contrarius,
1065 2117 1122 2185 sed
1148 2117 1244 2183 311313
1265 2137 1357 2184 voces

246 2233 394 2315 εἴσθεσις
416 2240 449 2304 31
471 2232 606 2315 stowe
626 2257 718 2303 sensu
741 2257 868 2321 prorsus
891 2238 1013 2304 diuerso
1034 2240 1212 2322 usurpatae
1241 2240 1358 2312 etenim

226 2355 282 2426 'ut
304 2360 492 2427 recentiores
513 2359 698 2425 scholiastae
720 2359 873 2426 voeabula
892 2353 1056 2439 ε’ίσθεσις,
1085 2356 1234 2442 ἴκθεσις,
1262 2356 1360 2425 ἐπέκ-

235 2485 344 2559 Ιθιεσις
368 2482 401 2546 13
423 2501 495 2547 suos
518 2482 758 2547 commentarios
781 2482 981 2566 receperunt,
1001 2481 1048 2546 113
1070 2481 1145 2566 quid
1166 2483 1290 2568 proprie
1305 2482 1360 2549 illa

217 2658 220 2661 .
246 2603 328 2686 apud
350 2605 473 2670 veteres
496 2602 719 2688 grammaticos
739 2603 791 2668 vel
810 2602 1002 2669 utbreviter
1025 2602 1126 2668 dicam
1147 2603 1230 2687 apud
1250 2605 1358 2675 Helio·

248 2726 359 2791 dorum
382 2725 608 2810 significarent,
639 2744 701 2790 non
723 2724 815 2791 modo
837 2743 899 2789 non
925 2723 1158 2803 intellexerunt,
1188 2725 1359 2793 sododem

250 2866 363 2913 novam
384 2847 423 2911 iis
445 2847 607 2912 notionem
629 2849 661 2912 et
682 2846 773 2931 plane
797 2844 952 2913 diuersam
972 2847 1209 2930 supposuerunt.
1239 2845 1360 2915 3333111

250 2968 394 3033 3311333
416 2968 601 3046 auctoritas,
624 2985 758 3050 quorum
782 2966 877 3032 codex
899 2967 1057 3047 Venetus,
1080 2966 1260 3050 quostiam
1281 2967 1359 3033 duae

210 3094 222 3119 ¹
249 3066 491 3174 subscriptiones
512 3088 731 3173 percommode
752 3089 843 3154 nobis
866 3090 1043 3154 asservatae
1066 3089 1154 3167 sunt,
1183 3088 1359 3175 fragmenta

246 3213 346 3277 nostri
381 3211 517 3313 auctoris
554 3211 646 3295 longe
683 3210 819 3293 plurima
856 3209 995 3275 tradidit.
1039 3209 1178 3276 bonitate
1212 3192 1358 3276 lectionis

247 3332 431 3418 plerumque
457 3332 553 3397 etiam
579 3332 682 3415 magis
719 3330 971 3410 commendatur,
1010 3331 1153 3414 quamvis
1182 3334 1232 3397 sat
1258 3331 1359 3397 multa

248 3453 365 3519 scholia
400 3454 433 3518 io
469 3472 504 3518 eo
534 3452 651 3518 frustra
689 3471 835 3537 quaeras,
873 3453 969 3518 codex
1000 3453 1166 3519 Ravennas
1193 3453 1296 3518 aetate
1327 3455 1359 3519 et

248 3574 434 3669 auctoritate
463 3573 515 3658 qui
540 3574 608 3638 iure
642 3572 755 3639 dicitur
783 3574 936 3657 princeps.
982 3573 1009 3638 si
1041 3574 1080 3639 ab
1107 3573 1156 3638 his
1181 3574 1357 3653 recesseris,

246 3694 448 3762 laurentiani
478 3693 608 3778 denique
630 3694 783 3760 rationem
802 3694 918 3760 habeas
945 3714 1086 3773 necesse,
1122 3694 1307 3778 praesertim
1330 3695 1358 3761 si

247 3796 367 3882 scholia
399 3815 432 3880 in
470 3816 590 3898 equites
624 3815 769 3881 fabulam
795 3815 952 3899 respicias.
992 3817 1146 3881 ‚ceterum
1177 3814 1260 3880 haud
1290 3816 1357 3882 sine

246 3937 377 4003 consilio
399 3937 503 4019 ipsum
525 3931 742 4022 coloriscolors
764 3938 895 4003 titulum
909 3938 1067 4020 usurpari.
1113 3936 1228 4000 etenim
1248 3939 1358 4003 vetera

245 4058 304 4123 1113
319 4058 439 4123 scholia
455 4057 495 4122 ad
510 4056 715 4122 Heliodomm
737 4056 916 4138 referenda,
940 4078 977 4124 er
996 4058 1053 4123 tali
1069 4057 1218 4123 continua
1237 4059 1356 4123 metro-

246 4200 317 4245 mm
338 4178 546 4263 descriptione
566 4179 720 4244 translata
742 4198 827 4259 esse,
855 4179 980 4264 qualem
999 4179 1176 4264 Eugenium
1198 4197 1356 4264 gramma-

250 4300 351 4368 ticum
373 4298 412 4364 31
436 4299 600 4387 Aeschyli,
625 4299 801 4389 Sophoclis,
823 4299 980 4389 Euripidis
1002 4299 1123 4370 fabulas
1146 4301 1356 4388 composuisse
