<?xml version="1.0" encoding="UTF-8"?>
<!DOCTYPE html PUBLIC "-//W3C//DTD XHTML 1.0 Transitional//EN"
    "http://www.w3.org/TR/xhtml1/DTD/xhtml1-transitional.dtd">
<html xmlns="http://www.w3.org/1999/xhtml" xml:lang="en" lang="en">
 <head>
  <title>
</title>
<meta http-equiv="Content-Type" content="text/html;charset=utf-8" />
  <meta name='ocr-system' content='tesseract 3.04.00' />
  <meta name='ocr-capabilities' content='ocr_page ocr_carea ocr_par ocr_line ocrx_word'/>
</head>
<body>
  <div class='ocr_page' id='page_1' title='image "./colometriaearis00unkngoog_0073.png"; bbox 0 0 3134 4984; ppageno 0'>
   <div class='ocr_carea' id='block_1_1' title="bbox 611 318 1293 378">
    <p class='ocr_par' dir='ltr' id='par_1_1' title="bbox 611 318 1293 378">
     <span class='ocr_line' id='line_1_1' title="bbox 611 318 1293 378; baseline -0.003 -4"><span class='ocrx_word' id='word_1_1' title='bbox 611 319 720 375; x_wconf 71' lang='lat' dir='ltr'><strong>Scholia</strong></span> <span class='ocrx_word' id='word_1_2' title='bbox 737 321 766 375; x_wconf 92' lang='lat' dir='ltr'><strong><em>in</em></strong></span> <span class='ocrx_word' id='word_1_3' title='bbox 783 335 872 378; x_wconf 77' lang='lat' dir='ltr'><strong>ranas.</strong></span> <span class='ocrx_word' id='word_1_4' title='bbox 1258 318 1293 373; x_wconf 81' lang='lat'><strong><em>61</em></strong></span> 
     </span>
    </p>
   </div>
   <div class='ocr_carea' id='block_1_2' title="bbox 127 470 1343 2226">
    <p class='ocr_par' dir='ltr' id='par_1_2' title="bbox 184 470 1343 1082">
     <span class='ocr_line' id='line_1_2' title="bbox 184 470 1343 565; baseline -0.006 -21"><span class='ocrx_word' id='word_1_5' title='bbox 184 474 390 565; x_wconf 88' lang='grc' dir='ltr'><strong><em>κατάληκτον.</em></strong></span> <span class='ocrx_word' id='word_1_6' title='bbox 413 474 451 544; x_wconf 90' lang='grc' dir='ltr'><strong><em>τὸ</em></strong></span> <span class='ocrx_word' id='word_1_7' title='bbox 471 470 504 564; x_wconf 83' lang='grc' dir='ltr'><strong><em>η’</em></strong></span> <span class='ocrx_word' id='word_1_8' title='bbox 532 476 734 564; x_wconf 77' lang='grc' dir='ltr'><strong><em>ιπροηιδικόν</em></strong></span> <span class='ocrx_word' id='word_1_9' title='bbox 757 474 985 565; x_wconf 86' lang='grc' dir='ltr'><strong><em>δωδεκάσημον</em></strong></span> <span class='ocrx_word' id='word_1_10' title='bbox 1009 472 1165 564; x_wconf 79' lang='grc' dir='ltr'><strong><em>διάφορον</em></strong></span> <span class='ocrx_word' id='word_1_11' title='bbox 1187 494 1294 561; x_wconf 81' lang='grc' dir='ltr'><strong><em>προσ·</em></strong></span> <span class='ocrx_word' id='word_1_12' title='bbox 1342 524 1343 527; x_wconf 19' lang='lat'>¹</span> 
     </span>
     <span class='ocr_line' id='line_1_3' title="bbox 184 571 1294 668; baseline -0.005 -20"><span class='ocrx_word' id='word_1_13' title='bbox 184 580 289 666; x_wconf 87' lang='grc' dir='ltr'><strong><em>έλαβε.</em></strong></span> <span class='ocrx_word' id='word_1_14' title='bbox 325 579 363 646; x_wconf 90' lang='grc' dir='ltr'><strong><em>τδ</em></strong></span> <span class='ocrx_word' id='word_1_15' title='bbox 392 576 434 647; x_wconf 88' lang='grc' dir='ltr'><strong><em>θ’</em></strong></span> <span class='ocrx_word' id='word_1_16' title='bbox 463 577 699 649; x_wconf 74' lang='grc' dir='ltr'><strong><em>ἀναπαιστικόν</em></strong></span> <span class='ocrx_word' id='word_1_17' title='bbox 726 577 910 667; x_wconf 90' lang='grc' dir='ltr'><strong><em>[τρίμετρον</em></strong></span> <span class='ocrx_word' id='word_1_18' title='bbox 933 571 1175 668; x_wconf 83' lang='grc' dir='ltr'><strong><em>ἀκατάληκτον].</em></strong></span> <span class='ocrx_word' id='word_1_19' title='bbox 1205 571 1294 644; x_wconf 81' lang='grc' dir='ltr'><strong><em>τὸτ’</em></strong></span> 
     </span>
     <span class='ocr_line' id='line_1_4' title="bbox 185 677 1296 773; baseline -0.003 -24"><span class='ocrx_word' id='word_1_20' title='bbox 185 680 340 769; x_wconf 76' lang='grc' dir='ltr'><strong><em>ἰαμβικὸν</em></strong></span> <span class='ocrx_word' id='word_1_21' title='bbox 361 681 528 772; x_wconf 90' lang='grc' dir='ltr'><strong><em>τρίμετρον</em></strong></span> <span class='ocrx_word' id='word_1_22' title='bbox 551 680 798 773; x_wconf 55' lang='grc' dir='ltr'><strong><em>ἳάκατάληκτον.</em></strong></span> <span class='ocrx_word' id='word_1_23' title='bbox 832 681 906 767; x_wconf 80' lang='grc' dir='ltr'><strong><em>[ἐπὶ</em></strong></span> <span class='ocrx_word' id='word_1_24' title='bbox 927 690 974 770; x_wconf 80' lang='grc' dir='ltr'><strong><em>τῷ</em></strong></span> <span class='ocrx_word' id='word_1_25' title='bbox 995 681 1080 749; x_wconf 84' lang='grc' dir='ltr'><strong><em>τέλει</em></strong></span> <span class='ocrx_word' id='word_1_26' title='bbox 1108 682 1209 769; x_wconf 80' lang='grc' dir='ltr'><strong><em>διπλῆ</em></strong></span> <span class='ocrx_word' id='word_1_27' title='bbox 1230 677 1296 747; x_wconf 76' lang='grc' dir='ltr'><strong><em>ἔσω</em></strong></span> 
     </span>
     <span class='ocr_line' id='line_1_5' title="bbox 184 778 1297 875; baseline -0.002 -22"><span class='ocrx_word' id='word_1_28' title='bbox 184 791 356 855; x_wconf 79' lang='grc' dir='ltr'><strong><em>νενευκυῖα.</em></strong></span> <span class='ocrx_word' id='word_1_29' title='bbox 402 783 466 868; x_wconf 74' lang='grc' dir='ltr'><strong><em>ἔχει</em></strong></span> <span class='ocrx_word' id='word_1_30' title='bbox 495 786 533 854; x_wconf 85' lang='grc' dir='ltr'><strong><em>δέ</em></strong></span> <span class='ocrx_word' id='word_1_31' title='bbox 565 787 621 853; x_wconf 84' lang='grc' dir='ltr'><strong><em>καί</em></strong></span> <span class='ocrx_word' id='word_1_32' title='bbox 657 782 873 875; x_wconf 70' lang='grc' dir='ltr'><strong><em>ἀντιστροφὴν</em></strong></span> <span class='ocrx_word' id='word_1_33' title='bbox 908 783 1025 871; x_wconf 85' lang='grc' dir='ltr'><strong><em>ὁμοίαν</em></strong></span> <span class='ocrx_word' id='word_1_34' title='bbox 1052 778 1129 852; x_wconf 78' lang='grc' dir='ltr'><strong><em>καθ’</em></strong></span> <span class='ocrx_word' id='word_1_35' title='bbox 1159 783 1297 851; x_wconf 74' lang='grc' dir='ltr'><strong><em>ἕκαστον</em></strong></span> 
     </span>
     <span class='ocr_line' id='line_1_6' title="bbox 186 883 1296 979; baseline -0.001 -23"><span class='ocrx_word' id='word_1_36' title='bbox 186 886 293 979; x_wconf 75' lang='grc' dir='ltr'><strong><em>ἑαυτῇ.</em></strong></span> <span class='ocrx_word' id='word_1_37' title='bbox 337 883 375 979; x_wconf 80' lang='grc' dir='ltr'><strong><em>ἧς</em></strong></span> <span class='ocrx_word' id='word_1_38' title='bbox 401 890 440 957; x_wconf 88' lang='grc' dir='ltr'><strong><em>τὸ</em></strong></span> <span class='ocrx_word' id='word_1_39' title='bbox 468 893 650 958; x_wconf 85' lang='grc' dir='ltr'><strong><em>τελευταῖον</em></strong></span> <span class='ocrx_word' id='word_1_40' title='bbox 690 893 775 957; x_wconf 92' lang='grc' dir='ltr'><strong><em>δυεῖν</em></strong></span> <span class='ocrx_word' id='word_1_41' title='bbox 812 890 947 956; x_wconf 89' lang='grc' dir='ltr'><strong><em>διπλαῖν</em></strong></span> <span class='ocrx_word' id='word_1_42' title='bbox 967 883 1056 975; x_wconf 38' lang='grc' dir='ltr'><strong><em>κατ’*</em></strong></span> <span class='ocrx_word' id='word_1_43' title='bbox 1070 885 1169 977; x_wconf 80' lang='grc' dir='ltr'><strong><em>δίμφω</em></strong></span> <span class='ocrx_word' id='word_1_44' title='bbox 1194 884 1296 976; x_wconf 82' lang='grc' dir='ltr'><strong><em>τίίκρα</em></strong></span> 
     </span>
     <span class='ocr_line' id='line_1_7' title="bbox 186 997 397 1082; baseline -0.005 -21"><span class='ocrx_word' id='word_1_45' title='bbox 186 997 397 1082; x_wconf 76' lang='grc' dir='ltr'><strong><em>σημειοῖπαι]</em></strong></span> 
     </span>
    </p>

    <p class='ocr_par' dir='ltr' id='par_1_3' title="bbox 127 1092 1299 1601">
     <span class='ocr_line' id='line_1_8' title="bbox 276 1092 1299 1186; baseline 0 -24"><span class='ocrx_word' id='word_1_46' title='bbox 276 1103 513 1165; x_wconf 79' lang='lat'>1274-1315.</span> <span class='ocrx_word' id='word_1_47' title='bbox 557 1098 768 1186; x_wconf 73' lang='grc' dir='ltr'><strong><em>λοιδορῆσαιε</em></strong></span> <span class='ocrx_word' id='word_1_48' title='bbox 788 1103 854 1184; x_wconf 61' lang='grc' dir='ltr'><strong><em>Ί”ης</em></strong></span> <span class='ocrx_word' id='word_1_49' title='bbox 874 1092 1096 1182; x_wconf 77' lang='grc' dir='ltr'><strong><em>παραβάσεως</em></strong></span> <span class='ocrx_word' id='word_1_50' title='bbox 1115 1094 1185 1162; x_wconf 78' lang='grc' dir='ltr'><strong><em>ἐστὶ</em></strong></span> <span class='ocrx_word' id='word_1_51' title='bbox 1200 1093 1299 1183; x_wconf 92' lang='grc' dir='ltr'><strong><em>μέρος</em></strong></span> 
     </span>
     <span class='ocr_line' id='line_1_9' title="bbox 127 1198 1298 1291; baseline -0.002 -23"><span class='ocrx_word' id='word_1_52' title='bbox 127 1268 130 1279; x_wconf 68' lang='grc'><strong><em>,</em></strong></span> <span class='ocrx_word' id='word_1_53' title='bbox 189 1200 247 1286; x_wconf 89' lang='grc' dir='ltr'><strong><em>[τὸ</em></strong></span> <span class='ocrx_word' id='word_1_54' title='bbox 271 1200 435 1291; x_wconf 75' lang='grc' dir='ltr'><strong><em>ἐπίρρημα</em></strong></span> <span class='ocrx_word' id='word_1_55' title='bbox 455 1200 491 1270; x_wconf 80' lang='grc' dir='ltr'><strong><em>ἐκ</em></strong></span> <span class='ocrx_word' id='word_1_56' title='bbox 513 1198 630 1283; x_wconf 77' lang='grc' dir='ltr'><strong><em>στίχων</em></strong></span> <span class='ocrx_word' id='word_1_57' title='bbox 658 1203 833 1288; x_wconf 85' lang='grc' dir='ltr'><strong><em>τροχαῖκῶν</em></strong></span> <span class='ocrx_word' id='word_1_58' title='bbox 861 1200 1082 1288; x_wconf 88' lang='grc' dir='ltr'><strong><em>τετραμέτρων</em></strong></span> <span class='ocrx_word' id='word_1_59' title='bbox 1104 1202 1298 1289; x_wconf 68' lang='grc' dir='ltr'><strong><em>καταληπτι-</em></strong></span> 
     </span>
     <span class='ocr_line' id='line_1_10' title="bbox 188 1300 1299 1393; baseline -0.001 -22"><span class='ocrx_word' id='word_1_60' title='bbox 188 1307 253 1371; x_wconf 84' lang='grc' dir='ltr'><strong><em>κῶν</em></strong></span> <span class='ocrx_word' id='word_1_61' title='bbox 275 1304 332 1386; x_wconf 80' lang='grc' dir='ltr'><strong><em>ις’,</em></strong></span> <span class='ocrx_word' id='word_1_62' title='bbox 366 1302 432 1372; x_wconf 80' lang='grc' dir='ltr'><strong><em>έσω</em></strong></span> <span class='ocrx_word' id='word_1_63' title='bbox 459 1302 621 1393; x_wconf 84' lang='grc' dir='ltr'><strong><em>νενευκυίηι</em></strong></span> <span class='ocrx_word' id='word_1_64' title='bbox 641 1306 745 1393; x_wconf 79' lang='grc' dir='ltr'><strong><em>διπλῇ</em></strong></span> <span class='ocrx_word' id='word_1_65' title='bbox 777 1304 1050 1391; x_wconf 71' lang='grc' dir='ltr'><strong><em>8περατουμένων.</em></strong></span> <span class='ocrx_word' id='word_1_66' title='bbox 1095 1300 1161 1385; x_wconf 78' lang='grc' dir='ltr'><strong><em>έχει</em></strong></span> <span class='ocrx_word' id='word_1_67' title='bbox 1185 1302 1299 1370; x_wconf 81' lang='grc' dir='ltr'><strong><em>δὲκαὶ</em></strong></span> 
     </span>
     <span class='ocr_line' id='line_1_11' title="bbox 188 1400 1299 1498; baseline -0.001 -23"><span class='ocrx_word' id='word_1_68' title='bbox 188 1401 414 1498; x_wconf 89' lang='grc' dir='ltr'><strong><em>ἀντεπίρρημα</em></strong></span> <span class='ocrx_word' id='word_1_69' title='bbox 441 1401 520 1475; x_wconf 61' lang='grc' dir='ltr'><strong><em>καθ)</em></strong></span> <span class='ocrx_word' id='word_1_70' title='bbox 550 1407 686 1476; x_wconf 74' lang='grc' dir='ltr'><strong><em>ἕκαστον</em></strong></span> <span class='ocrx_word' id='word_1_71' title='bbox 710 1406 823 1492; x_wconf 81' lang='grc' dir='ltr'><strong><em>ὅμοιον</em></strong></span> <span class='ocrx_word' id='word_1_72' title='bbox 847 1404 960 1494; x_wconf 78' lang='grc' dir='ltr'><strong><em>έαυιηῖ.</em></strong></span> <span class='ocrx_word' id='word_1_73' title='bbox 999 1400 1036 1473; x_wconf 82' lang='grc' dir='ltr'><strong><em>οὗ</em></strong></span> <span class='ocrx_word' id='word_1_74' title='bbox 1065 1406 1124 1474; x_wconf 78' lang='grc' dir='ltr'><strong><em>ἐπὶ</em></strong></span> <span class='ocrx_word' id='word_1_75' title='bbox 1143 1413 1190 1495; x_wconf 74' lang='grc' dir='ltr'><strong><em>τῷ</em></strong></span> <span class='ocrx_word' id='word_1_76' title='bbox 1212 1407 1299 1474; x_wconf 89' lang='grc' dir='ltr'><strong><em>τέλει</em></strong></span> 
     </span>
     <span class='ocr_line' id='line_1_12' title="bbox 189 1511 346 1601; baseline 0 -22"><span class='ocrx_word' id='word_1_77' title='bbox 189 1511 346 1601; x_wconf 89' lang='grc' dir='ltr'><strong><em>κορωνίς.]</em></strong></span> 
     </span>
    </p>

    <p class='ocr_par' dir='ltr' id='par_1_4' title="bbox 190 1608 1301 1915">
     <span class='ocr_line' id='line_1_13' title="bbox 280 1608 1301 1707; baseline -0.001 -24"><span class='ocrx_word' id='word_1_78' title='bbox 280 1624 521 1685; x_wconf 86' lang='grc'><strong>1316-1334.</strong></span> <span class='ocrx_word' id='word_1_79' title='bbox 566 1612 719 1707; x_wconf 75' lang='grc' dir='ltr'><strong><em>εὐφημεῖν</em></strong></span> <span class='ocrx_word' id='word_1_80' title='bbox 746 1615 836 1705; x_wconf 74' lang='grc' dir='ltr'><strong><em>χρήε</em></strong></span> <span class='ocrx_word' id='word_1_81' title='bbox 866 1613 976 1699; x_wconf 80' lang='grc' dir='ltr'><strong><em>Στίχοι</em></strong></span> <span class='ocrx_word' id='word_1_82' title='bbox 1003 1614 1037 1680; x_wconf 89' lang='grc' dir='ltr'><strong><em>έν</em></strong></span> <span class='ocrx_word' id='word_1_83' title='bbox 1067 1613 1202 1683; x_wconf 77' lang='grc' dir='ltr'><strong><em>ἐκθέσει</em></strong></span> <span class='ocrx_word' id='word_1_84' title='bbox 1224 1608 1301 1682; x_wconf 90' lang='grc' dir='ltr'><strong><em>ἀνα-</em></strong></span> 
     </span>
     <span class='ocr_line' id='line_1_14' title="bbox 190 1718 1299 1809; baseline 0 -21"><span class='ocrx_word' id='word_1_85' title='bbox 190 1721 363 1789; x_wconf 85' lang='grc' dir='ltr'><strong><em>παιστικοὶ</em></strong></span> <span class='ocrx_word' id='word_1_86' title='bbox 393 1720 607 1809; x_wconf 88' lang='grc' dir='ltr'><strong><em>,τετράμετροι</em></strong></span> <span class='ocrx_word' id='word_1_87' title='bbox 645 1720 874 1809; x_wconf 81' lang='grc' dir='ltr'><strong><em>καταληκτικοὶ</em></strong></span> <span class='ocrx_word' id='word_1_88' title='bbox 913 1719 990 1787; x_wconf 72' lang='grc' dir='ltr'><strong><em>4ιε’.</em></strong></span> <span class='ocrx_word' id='word_1_89' title='bbox 1035 1718 1106 1808; x_wconf 78' lang='grc' dir='ltr'><strong><em>[ἐπὶ</em></strong></span> <span class='ocrx_word' id='word_1_90' title='bbox 1135 1724 1182 1808; x_wconf 79' lang='grc' dir='ltr'><strong><em>τῷ</em></strong></span> <span class='ocrx_word' id='word_1_91' title='bbox 1213 1720 1299 1788; x_wconf 87' lang='grc' dir='ltr'><strong><em>τέλει</em></strong></span> 
     </span>
     <span class='ocr_line' id='line_1_15' title="bbox 191 1825 999 1915; baseline 0 -23"><span class='ocrx_word' id='word_1_92' title='bbox 191 1825 431 1915; x_wconf 80' lang='grc' dir='ltr'><strong><em>παράχραφος.]</em></strong></span> <span class='ocrx_word' id='word_1_93' title='bbox 996 1844 999 1849; x_wconf 85' lang='grc'><strong><em>·</em></strong></span> 
     </span>
    </p>

    <p class='ocr_par' dir='ltr' id='par_1_5' title="bbox 192 1921 1303 2226">
     <span class='ocr_line' id='line_1_16' title="bbox 281 1921 1301 2016; baseline -0.001 -21"><span class='ocrx_word' id='word_1_94' title='bbox 281 1937 506 1997; x_wconf 83' lang='grc'><strong>1335-1408.</strong></span> <span class='ocrx_word' id='word_1_95' title='bbox 551 1921 578 1993; x_wconf 79' lang='grc' dir='ltr'><strong><em>ιδ</em></strong></span> <span class='ocrx_word' id='word_1_96' title='bbox 601 1921 728 2016; x_wconf 82' lang='grc' dir='ltr'><strong><em>φίλτατ’</em></strong></span> <span class='ocrx_word' id='word_1_97' title='bbox 757 1921 913 2015; x_wconf 73' lang='grc' dir='ltr'><strong><em>ἀνδρῶνι</em></strong></span> <span class='ocrx_word' id='word_1_98' title='bbox 943 1924 995 1994; x_wconf 84' lang='grc' dir='ltr'><strong><em>Ἔν</em></strong></span> <span class='ocrx_word' id='word_1_99' title='bbox 1023 1926 1157 1995; x_wconf 74' lang='grc' dir='ltr'><strong><em>ἐκθέσει</em></strong></span> <span class='ocrx_word' id='word_1_100' title='bbox 1186 1924 1301 2015; x_wconf 84' lang='grc' dir='ltr'><strong><em>ῖαμβοι</em></strong></span> 
     </span>
     <span class='ocr_line' id='line_1_17' title="bbox 192 2028 1303 2123; baseline -0.002 -23"><span class='ocrx_word' id='word_1_101' title='bbox 192 2030 359 2122; x_wconf 85' lang='grc' dir='ltr'><strong><em>τρίμετροι</em></strong></span> <span class='ocrx_word' id='word_1_102' title='bbox 379 2031 608 2123; x_wconf 85' lang='grc' dir='ltr'><strong><em>καταληκτικοὶ</em></strong></span> <span class='ocrx_word' id='word_1_103' title='bbox 632 2034 671 2099; x_wconf 94' lang='grc' dir='ltr'><strong><em>οδ</em></strong></span> <span class='ocrx_word' id='word_1_104' title='bbox 677 2028 696 2112; x_wconf 89' lang='grc'><strong><em>’,</em></strong></span> <span class='ocrx_word' id='word_1_105' title='bbox 727 2031 782 2098; x_wconf 82' lang='grc' dir='ltr'><strong><em>καί</em></strong></span> <span class='ocrx_word' id='word_1_106' title='bbox 805 2033 887 2117; x_wconf 82' lang='grc' dir='ltr'><strong><em>μετὰ</em></strong></span> <span class='ocrx_word' id='word_1_107' title='bbox 909 2033 947 2098; x_wconf 89' lang='grc' dir='ltr'><strong><em>τδ</em></strong></span> <span class='ocrx_word' id='word_1_108' title='bbox 968 2034 1149 2099; x_wconf 82' lang='grc' dir='ltr'><strong><em>τελευταῖον</em></strong></span> <span class='ocrx_word' id='word_1_109' title='bbox 1169 2031 1303 2119; x_wconf 80' lang='grc' dir='ltr'><strong><em>κορωνὶς</em></strong></span> 
     </span>
     <span class='ocr_line' id='line_1_18' title="bbox 193 2132 487 2226; baseline 0 -22"><span class='ocrx_word' id='word_1_110' title='bbox 193 2136 213 2226; x_wconf 79' lang='grc' dir='ltr'><em>ἡ</em></span> <span class='ocrx_word' id='word_1_111' title='bbox 236 2142 295 2205; x_wconf 77' lang='grc' dir='ltr'><strong><em>τοῦ</em></strong></span> <span class='ocrx_word' id='word_1_112' title='bbox 316 2132 487 2224; x_wconf 84' lang='grc' dir='ltr'><strong><em>δράματος.</em></strong></span> 
     </span>
    </p>
   </div>
   <div class='ocr_carea' id='block_1_3' title="bbox 629 2276 882 2285">
    <p class='ocr_par' dir='ltr' id='par_1_6' title="bbox 629 2276 882 2285">
     <span class='ocr_line' id='line_1_19' title="bbox 629 2276 882 2285; baseline -0.004 0"><span class='ocrx_word' id='word_1_113' title='bbox 629 2276 882 2285; x_wconf 47' lang='grc' dir='ltr'>..μ-...ᾑ-</span> 
     </span>
    </p>
   </div>
   <div class='ocr_carea' id='block_1_4' title="bbox 549 2419 951 2520">
    <p class='ocr_par' dir='ltr' id='par_1_7' title="bbox 549 2419 951 2520">
     <span class='ocr_line' id='line_1_20' title="bbox 549 2419 951 2520; baseline -0.002 -3"><span class='ocrx_word' id='word_1_114' title='bbox 549 2419 951 2520; x_wconf 84' lang='grc' dir='ltr'><strong>ΒΑΤΡΑΧΟΙ.</strong></span> 
     </span>
    </p>
   </div>
   <div class='ocr_carea' id='block_1_5' title="bbox 193 2556 1328 4246">
    <p class='ocr_par' dir='ltr' id='par_1_8' title="bbox 284 2556 1304 2620">
     <span class='ocr_line' id='line_1_21' title="bbox 284 2556 1304 2620; baseline 0.007 -7"><span class='ocrx_word' id='word_1_115' title='bbox 284 2556 437 2617; x_wconf 76' lang='grc'><strong><em>1-207,</em></strong></span> <span class='ocrx_word' id='word_1_116' title='bbox 491 2587 1304 2620; x_wconf 71' lang='lat'><strong>................</strong></span> 
     </span>
    </p>

    <p class='ocr_par' dir='ltr' id='par_1_9' title="bbox 193 2645 1328 4095">
     <span class='ocr_line' id='line_1_22' title="bbox 287 2645 1305 2740; baseline 0.004 -23"><span class='ocrx_word' id='word_1_117' title='bbox 287 2658 482 2719; x_wconf 81' lang='lat'><strong>208-219.</strong></span> <span class='ocrx_word' id='word_1_118' title='bbox 529 2645 647 2739; x_wconf 61' lang='grc' dir='ltr'><strong><em>λάόπ,</em></strong></span> <span class='ocrx_word' id='word_1_119' title='bbox 679 2651 743 2734; x_wconf 74' lang='grc' dir='ltr'><strong><em>ἀπ,</em></strong></span> <span class='ocrx_word' id='word_1_120' title='bbox 769 2649 859 2737; x_wconf 85' lang='grc' dir='ltr'><strong><em>ἀόπ,</em></strong></span> <span class='ocrx_word' id='word_1_121' title='bbox 882 2649 955 2721; x_wconf 74' lang='grc' dir='ltr'><strong><em>δ’πι</em></strong></span> <span class='ocrx_word' id='word_1_122' title='bbox 988 2648 1171 2733; x_wconf 75' lang='grc' dir='ltr'><strong><em>5Είλτθεσις</em></strong></span> <span class='ocrx_word' id='word_1_123' title='bbox 1190 2653 1305 2740; x_wconf 84' lang='grc' dir='ltr'><strong><em>μέλους</em></strong></span> 
     </span>
     <span class='ocr_line' id='line_1_23' title="bbox 193 2750 1305 2847; baseline 0.004 -26"><span class='ocrx_word' id='word_1_124' title='bbox 193 2761 290 2844; x_wconf 79' lang='grc' dir='ltr'><strong><em>χοροῦ</em></strong></span> <span class='ocrx_word' id='word_1_125' title='bbox 308 2755 564 2847; x_wconf 78' lang='grc' dir='ltr'><strong><em>μονοστροφική·</em></strong></span> <span class='ocrx_word' id='word_1_126' title='bbox 587 2750 624 2847; x_wconf 77' lang='grc' dir='ltr'><strong><em>ἧς</em></strong></span> <span class='ocrx_word' id='word_1_127' title='bbox 642 2756 845 2846; x_wconf 86' lang='grc' dir='ltr'><strong><em>προτίθεται</em></strong></span> <span class='ocrx_word' id='word_1_128' title='bbox 858 2756 897 2823; x_wconf 89' lang='grc' dir='ltr'><strong><em>τδ</em></strong></span> <span class='ocrx_word' id='word_1_129' title='bbox 911 2761 1058 2824; x_wconf 79' lang='grc' dir='ltr'><strong><em>τοιοῦτον</em></strong></span> <span class='ocrx_word' id='word_1_130' title='bbox 1072 2759 1174 2824; x_wconf 85' lang='grc' dir='ltr'><strong><em>κοῖλον</em></strong></span> <span class='ocrx_word' id='word_1_131' title='bbox 1188 2760 1305 2825; x_wconf 89' lang='grc' dir='ltr'><strong><em>δακτυ-</em></strong></span> 
     </span>
     <span class='ocr_line' id='line_1_24' title="bbox 194 2852 1328 2951; baseline 0.004 -25"><span class='ocrx_word' id='word_1_132' title='bbox 194 2858 287 2926; x_wconf 84' lang='grc' dir='ltr'><strong><em>λικὸν</em></strong></span> <span class='ocrx_word' id='word_1_133' title='bbox 311 2855 348 2926; x_wconf 80' lang='grc' dir='ltr'><strong><em>δν</em></strong></span> <span class='ocrx_word' id='word_1_134' title='bbox 371 2855 521 2947; x_wconf 91' lang='grc' dir='ltr'><strong><em>δίμετρον</em></strong></span> <span class='ocrx_word' id='word_1_135' title='bbox 544 2853 769 2951; x_wconf 86' lang='grc' dir='ltr'><strong><em>ἀκατάληκτον.</em></strong></span> <span class='ocrx_word' id='word_1_136' title='bbox 792 2860 876 2928; x_wconf 84' lang='grc' dir='ltr'><strong><em>κατὰ</em></strong></span> <span class='ocrx_word' id='word_1_137' title='bbox 890 2859 952 2947; x_wconf 80' lang='grc' dir='ltr'><strong><em>χάρ</em></strong></span> <span class='ocrx_word' id='word_1_138' title='bbox 966 2857 1170 2945; x_wconf 89' lang='grc' dir='ltr'><strong><em>μονοποδίαν</em></strong></span> <span class='ocrx_word' id='word_1_139' title='bbox 1183 2852 1328 2951; x_wconf 47' lang='grc' dir='ltr'><strong><em>μετρεῖ(</em></strong></span> 
     </span>
     <span class='ocr_line' id='line_1_25' title="bbox 196 2958 1305 3052; baseline 0.006 -26"><span class='ocrx_word' id='word_1_140' title='bbox 196 2985 251 3028; x_wconf 91' lang='grc' dir='ltr'><strong><em>ται</em></strong></span> <span class='ocrx_word' id='word_1_141' title='bbox 278 2960 320 3027; x_wconf 84' lang='grc' dir='ltr'><strong><em>τὰ</em></strong></span> <span class='ocrx_word' id='word_1_142' title='bbox 342 2958 528 3031; x_wconf 89' lang='grc' dir='ltr'><strong><em>δακτυλικά.</em></strong></span> <span class='ocrx_word' id='word_1_143' title='bbox 572 2962 614 3029; x_wconf 89' lang='grc' dir='ltr'><strong><em>τά</em></strong></span> <span class='ocrx_word' id='word_1_144' title='bbox 643 2963 679 3031; x_wconf 82' lang='grc' dir='ltr'><strong><em>δέ</em></strong></span> <span class='ocrx_word' id='word_1_145' title='bbox 707 2971 764 3032; x_wconf 79' lang='grc' dir='ltr'><strong><em>τοῦ</em></strong></span> <span class='ocrx_word' id='word_1_146' title='bbox 790 2969 887 3052; x_wconf 83' lang='grc' dir='ltr'><strong><em>χοροῖ</em></strong></span> <span class='ocrx_word' id='word_1_147' title='bbox 910 2959 999 3030; x_wconf 81' lang='grc' dir='ltr'><strong><em>κῶλά</em></strong></span> <span class='ocrx_word' id='word_1_148' title='bbox 1020 2960 1085 3030; x_wconf 82' lang='grc' dir='ltr'><strong><em>εἶσι</em></strong></span> <span class='ocrx_word' id='word_1_149' title='bbox 1104 2963 1305 3052; x_wconf 88' lang='grc' dir='ltr'><strong><em>δυοκαίδεκα,</em></strong></span> 
     </span>
     <span class='ocr_line' id='line_1_26' title="bbox 197 3057 1307 3160; baseline 0.005 -29"><span class='ocrx_word' id='word_1_150' title='bbox 197 3057 242 3131; x_wconf 83' lang='grc' dir='ltr'><strong><em>ὦν</em></strong></span> <span class='ocrx_word' id='word_1_151' title='bbox 260 3063 299 3134; x_wconf 86' lang='grc' dir='ltr'><strong><em>τὸ</em></strong></span> <span class='ocrx_word' id='word_1_152' title='bbox 321 3071 452 3154; x_wconf 73' lang='grc' dir='ltr'><strong><em>πρῶτον</em></strong></span> <span class='ocrx_word' id='word_1_153' title='bbox 475 3065 530 3133; x_wconf 83' lang='grc' dir='ltr'><strong><em>καί</em></strong></span> <span class='ocrx_word' id='word_1_154' title='bbox 552 3063 703 3156; x_wconf 73' lang='grc' dir='ltr'><strong><em>δεύτερον,</em></strong></span> <span class='ocrx_word' id='word_1_155' title='bbox 716 3067 872 3157; x_wconf 88' lang='grc' dir='ltr'><strong><em>τροχαϊκά</em></strong></span> <span class='ocrx_word' id='word_1_156' title='bbox 892 3062 1117 3158; x_wconf 74' lang='grc' dir='ltr'><strong><em>ἓφθημιμερῆ,</em></strong></span> <span class='ocrx_word' id='word_1_157' title='bbox 1139 3068 1196 3136; x_wconf 90' lang='grc' dir='ltr'><strong><em>τδν</em></strong></span> <span class='ocrx_word' id='word_1_158' title='bbox 1213 3076 1307 3160; x_wconf 83' lang='grc' dir='ltr'><strong><em>προῖ-</em></strong></span> 
     </span>
     <span class='ocr_line' id='line_1_27' title="bbox 195 3165 1306 3261; baseline 0.007 -26"><span class='ocrx_word' id='word_1_159' title='bbox 195 3194 252 3236; x_wconf 85' lang='grc' dir='ltr'><strong><em>τον</em></strong></span> <span class='ocrx_word' id='word_1_160' title='bbox 273 3165 385 3252; x_wconf 71' lang='grc' dir='ltr'><strong><em>ἔχοντα</em></strong></span> <span class='ocrx_word' id='word_1_161' title='bbox 406 3169 496 3237; x_wconf 84' lang='grc' dir='ltr'><strong><em>πόδα</em></strong></span> <span class='ocrx_word' id='word_1_162' title='bbox 517 3168 688 3260; x_wconf 88' lang='grc' dir='ltr'><strong><em>τρίβραχυν</em></strong></span> <span class='ocrx_word' id='word_1_163' title='bbox 710 3169 783 3261; x_wconf 71' lang='grc' dir='ltr'><strong><em>ἤτοι</em></strong></span> <span class='ocrx_word' id='word_1_164' title='bbox 803 3175 939 3259; x_wconf 82' lang='grc' dir='ltr'><strong><em>χορεῖον.</em></strong></span> <span class='ocrx_word' id='word_1_165' title='bbox 960 3168 991 3238; x_wconf 83' lang='grc' dir='ltr'><strong><em>εἰ</em></strong></span> <span class='ocrx_word' id='word_1_166' title='bbox 1003 3170 1049 3239; x_wconf 76' lang='grc' dir='ltr'><strong><em>δέ</em></strong></span> <span class='ocrx_word' id='word_1_167' title='bbox 1073 3170 1197 3258; x_wconf 83' lang='grc' dir='ltr'><strong><em>βούλει,</em></strong></span> <span class='ocrx_word' id='word_1_168' title='bbox 1221 3199 1306 3243; x_wconf 91' lang='grc' dir='ltr'><strong><em>παι-</em></strong></span> 
     </span>
     <span class='ocr_line' id='line_1_28' title="bbox 198 3267 1307 3366; baseline 0.005 -27"><span class='ocrx_word' id='word_1_169' title='bbox 198 3273 300 3340; x_wconf 87' lang='grc' dir='ltr'><strong><em>ωνικά</em></strong></span> <span class='ocrx_word' id='word_1_170' title='bbox 319 3270 455 3363; x_wconf 91' lang='grc' dir='ltr'><strong><em>δίμετρα</em></strong></span> <span class='ocrx_word' id='word_1_171' title='bbox 478 3267 694 3366; x_wconf 83' lang='grc' dir='ltr'><strong><em>ἀκατάληκτα,</em></strong></span> <span class='ocrx_word' id='word_1_172' title='bbox 717 3274 754 3342; x_wconf 74' lang='grc' dir='ltr'><strong><em>ἐκ</em></strong></span> <span class='ocrx_word' id='word_1_173' title='bbox 776 3272 924 3354; x_wconf 90' lang='grc' dir='ltr'><strong><em>παίωνος</em></strong></span> <span class='ocrx_word' id='word_1_174' title='bbox 944 3270 1098 3364; x_wconf 80' lang='grc' dir='ltr'><strong><em>τετάρτου</em></strong></span> <span class='ocrx_word' id='word_1_175' title='bbox 1119 3277 1175 3344; x_wconf 81' lang='grc' dir='ltr'><strong><em>καὶ</em></strong></span> <span class='ocrx_word' id='word_1_176' title='bbox 1196 3274 1307 3365; x_wconf 88' lang='grc' dir='ltr'><strong><em>διιάμ-</em></strong></span> 
     </span>
     <span class='ocr_line' id='line_1_29' title="bbox 197 3374 1309 3471; baseline 0.007 -28"><span class='ocrx_word' id='word_1_177' title='bbox 197 3383 267 3462; x_wconf 86' lang='grc' dir='ltr'><strong><em>βου.</em></strong></span> <span class='ocrx_word' id='word_1_178' title='bbox 312 3378 353 3444; x_wconf 86' lang='grc' dir='ltr'><strong><em>τὰ</em></strong></span> <span class='ocrx_word' id='word_1_179' title='bbox 378 3374 451 3468; x_wconf 73' lang='grc' dir='ltr'><strong><em>ἑξῆς</em></strong></span> <span class='ocrx_word' id='word_1_180' title='bbox 489 3379 546 3446; x_wconf 90' lang='grc' dir='ltr'><strong><em>δίυ</em></strong></span> <span class='ocrx_word' id='word_1_181' title='bbox 573 3379 771 3468; x_wconf 89' lang='grc' dir='ltr'><strong><em>χοριαμβικά</em></strong></span> <span class='ocrx_word' id='word_1_182' title='bbox 804 3376 939 3467; x_wconf 89' lang='grc' dir='ltr'><strong><em>δίμετρα</em></strong></span> <span class='ocrx_word' id='word_1_183' title='bbox 964 3377 1199 3468; x_wconf 87' lang='grc' dir='ltr'><strong><em>καταληκτικά,</em></strong></span> <span class='ocrx_word' id='word_1_184' title='bbox 1236 3378 1309 3471; x_wconf 72' lang='grc' dir='ltr'><strong><em>ἤτοι</em></strong></span> 
     </span>
     <span class='ocr_line' id='line_1_30' title="bbox 198 3476 1309 3572; baseline 0.008 -28"><span class='ocrx_word' id='word_1_185' title='bbox 198 3476 415 3570; x_wconf 75' lang='grc' dir='ltr'><strong><em>ἓφθημιμερῆ.</em></strong></span> <span class='ocrx_word' id='word_1_186' title='bbox 449 3481 489 3549; x_wconf 90' lang='grc' dir='ltr'><strong><em>τδ</em></strong></span> <span class='ocrx_word' id='word_1_187' title='bbox 511 3480 665 3567; x_wconf 87' lang='grc' dir='ltr'><strong><em>πέμπτον</em></strong></span> <span class='ocrx_word' id='word_1_188' title='bbox 689 3480 859 3572; x_wconf 88' lang='grc' dir='ltr'><strong><em>τρίμετρον</em></strong></span> <span class='ocrx_word' id='word_1_189' title='bbox 882 3481 1119 3571; x_wconf 89' lang='grc' dir='ltr'><strong><em>καταληκτικόν.</em></strong></span> <span class='ocrx_word' id='word_1_190' title='bbox 1152 3483 1191 3552; x_wconf 90' lang='grc' dir='ltr'><strong><em>τδ</em></strong></span> <span class='ocrx_word' id='word_1_191' title='bbox 1214 3482 1309 3553; x_wconf 74' lang='grc' dir='ltr'><strong><em>ἕκτον</em></strong></span> 
     </span>
     <span class='ocr_line' id='line_1_31' title="bbox 198 3579 1307 3679; baseline 0.005 -28"><span class='ocrx_word' id='word_1_192' title='bbox 198 3579 412 3672; x_wconf 89' lang='grc' dir='ltr'><strong><em>μονόμετρον,</em></strong></span> <span class='ocrx_word' id='word_1_193' title='bbox 450 3582 471 3675; x_wconf 75' lang='grc' dir='ltr'><strong><em>’ἦ</em></strong></span> <span class='ocrx_word' id='word_1_194' title='bbox 499 3583 634 3676; x_wconf 81' lang='grc' dir='ltr'><strong><em>ίαμβικὴ</em></strong></span> <span class='ocrx_word' id='word_1_195' title='bbox 654 3586 760 3675; x_wconf 88' lang='grc' dir='ltr'><strong><em>βοίσις.</em></strong></span> <span class='ocrx_word' id='word_1_196' title='bbox 803 3585 842 3653; x_wconf 88' lang='grc' dir='ltr'><strong><em>τὸ</em></strong></span> <span class='ocrx_word' id='word_1_197' title='bbox 864 3583 1003 3672; x_wconf 71' lang='grc' dir='ltr'><strong><em>ἕβδομον</em></strong></span> <span class='ocrx_word' id='word_1_198' title='bbox 1027 3583 1178 3677; x_wconf 82' lang='grc' dir='ltr'><strong><em>δίμετρον</em></strong></span> <span class='ocrx_word' id='word_1_199' title='bbox 1208 3585 1307 3679; x_wconf 71' lang='grc' dir='ltr'><strong><em>ὓπερ·</em></strong></span> 
     </span>
     <span class='ocr_line' id='line_1_32' title="bbox 198 3682 1310 3781; baseline 0.007 -27"><span class='ocrx_word' id='word_1_200' title='bbox 198 3683 400 3776; x_wconf 84' lang='grc' dir='ltr'><strong><em>κατάληκτον</em></strong></span> <span class='ocrx_word' id='word_1_201' title='bbox 428 3682 566 3756; x_wconf 86' lang='grc' dir='ltr'><strong><em>Ἰωνικὸν</em></strong></span> <span class='ocrx_word' id='word_1_202' title='bbox 597 3682 666 3759; x_wconf 87' lang='grc' dir='ltr'><strong><em>ἀπὸ</em></strong></span> <span class='ocrx_word' id='word_1_203' title='bbox 696 3689 852 3776; x_wconf 86' lang='grc' dir='ltr'><strong><em>μείζονος.</em></strong></span> <span class='ocrx_word' id='word_1_204' title='bbox 895 3689 933 3757; x_wconf 85' lang='grc' dir='ltr'><strong><em>τὸ</em></strong></span> <span class='ocrx_word' id='word_1_205' title='bbox 962 3686 1078 3777; x_wconf 73' lang='grc' dir='ltr'><strong><em>ὄγδοον</em></strong></span> <span class='ocrx_word' id='word_1_206' title='bbox 1095 3695 1310 3781; x_wconf 84' lang='grc' dir='ltr'><strong><em>χοριαμβικδν</em></strong></span> 
     </span>
     <span class='ocr_line' id='line_1_33' title="bbox 199 3787 1310 3882; baseline 0.007 -26"><span class='ocrx_word' id='word_1_207' title='bbox 199 3788 367 3880; x_wconf 85' lang='grc' dir='ltr'><strong><em>τρίμετρον</em></strong></span> <span class='ocrx_word' id='word_1_208' title='bbox 387 3789 625 3882; x_wconf 87' lang='grc' dir='ltr'><strong><em>ἀκατάληκτον,</em></strong></span> <span class='ocrx_word' id='word_1_209' title='bbox 650 3793 786 3879; x_wconf 79' lang='grc' dir='ltr'><strong><em>τοῦμὲν</em></strong></span> <span class='ocrx_word' id='word_1_210' title='bbox 808 3787 940 3881; x_wconf 78' lang='grc' dir='ltr'><strong><em>προῖτου</em></strong></span> <span class='ocrx_word' id='word_1_211' title='bbox 962 3793 1068 3873; x_wconf 87' lang='grc' dir='ltr'><strong><em>ποδὸς</em></strong></span> <span class='ocrx_word' id='word_1_212' title='bbox 1089 3792 1310 3877; x_wconf 72' lang='grc' dir='ltr'><strong><em>πεηασυλλοί·</em></strong></span> 
     </span>
     <span class='ocr_line' id='line_1_34' title="bbox 200 3893 1310 3989; baseline 0.005 -27"><span class='ocrx_word' id='word_1_213' title='bbox 200 3900 278 3980; x_wconf 86' lang='grc' dir='ltr'><strong><em>βου,</em></strong></span> <span class='ocrx_word' id='word_1_214' title='bbox 305 3900 363 3984; x_wconf 78' lang='grc' dir='ltr'><strong><em>τῆς</em></strong></span> <span class='ocrx_word' id='word_1_215' title='bbox 384 3893 516 3985; x_wconf 78' lang='grc' dir='ltr'><strong><em>πρώτης</em></strong></span> <span class='ocrx_word' id='word_1_216' title='bbox 534 3902 661 3985; x_wconf 82' lang='grc' dir='ltr'><strong><em>μακρᾶς</em></strong></span> <span class='ocrx_word' id='word_1_217' title='bbox 680 3895 728 3978; x_wconf 85' lang='grc' dir='ltr'><strong><em>είς</em></strong></span> <span class='ocrx_word' id='word_1_218' title='bbox 750 3893 808 3964; x_wconf 79' lang='grc' dir='ltr'><strong><em>δίο</em></strong></span> <span class='ocrx_word' id='word_1_219' title='bbox 839 3893 992 3984; x_wconf 87' lang='grc' dir='ltr'><strong><em>βραχείας</em></strong></span> <span class='ocrx_word' id='word_1_220' title='bbox 1018 3897 1244 3989; x_wconf 77' lang='grc' dir='ltr'><strong><em>διαλυομένης,</em></strong></span> <span class='ocrx_word' id='word_1_221' title='bbox 1274 3900 1310 3968; x_wconf 77' lang='grc' dir='ltr'><strong><em>ἐκ</em></strong></span> 
     </span>
     <span class='ocr_line' id='line_1_35' title="bbox 198 3994 1309 4095; baseline 0.007 -31"><span class='ocrx_word' id='word_1_222' title='bbox 198 3994 325 4087; x_wconf 86' lang='grc' dir='ltr'><strong><em>χορείου</em></strong></span> <span class='ocrx_word' id='word_1_223' title='bbox 353 3997 410 4064; x_wconf 88' lang='grc' dir='ltr'><strong><em>καὶ</em></strong></span> <span class='ocrx_word' id='word_1_224' title='bbox 431 3995 568 4086; x_wconf 87' lang='grc' dir='ltr'><strong><em>ίοίμβου·</em></strong></span> <span class='ocrx_word' id='word_1_225' title='bbox 610 3999 710 4069; x_wconf 76' lang='grc' dir='ltr'><strong><em>6ὅθεν</em></strong></span> <span class='ocrx_word' id='word_1_226' title='bbox 739 3997 821 4080; x_wconf 77' lang='grc' dir='ltr'><strong><em>ἴσως</em></strong></span> <span class='ocrx_word' id='word_1_227' title='bbox 850 3998 906 4067; x_wconf 80' lang='grc' dir='ltr'><strong><em>καί</em></strong></span> <span class='ocrx_word' id='word_1_228' title='bbox 930 4002 1143 4088; x_wconf 87' lang='grc' dir='ltr'><strong><em>χοριαμβικδν</em></strong></span> <span class='ocrx_word' id='word_1_229' title='bbox 1171 4000 1309 4095; x_wconf 73' lang='grc' dir='ltr'><strong><em>ἐκλήθη</em></strong></span> 
     </span>
    </p>

    <p class='ocr_par' dir='ltr' id='par_1_10' title="bbox 289 4161 1310 4246">
     <span class='ocr_line' id='line_1_36' title="bbox 289 4161 1310 4246; baseline 0.008 -29"><span class='ocrx_word' id='word_1_230' title='bbox 289 4164 304 4218; x_wconf 96' lang='lat' dir='ltr'>l</span> <span class='ocrx_word' id='word_1_231' title='bbox 323 4161 497 4218; x_wconf 74' lang='lat' dir='ltr'><strong>Scribendum</strong></span> <span class='ocrx_word' id='word_1_232' title='bbox 515 4166 706 4238; x_wconf 84' lang='grc' dir='ltr'><strong><em>προσοδιακὸν</em></strong></span> <span class='ocrx_word' id='word_1_233' title='bbox 794 4167 812 4221; x_wconf 80' lang='lat'><strong>2</strong></span> <span class='ocrx_word' id='word_1_234' title='bbox 830 4165 904 4219; x_wconf 71' lang='lat' dir='ltr'><strong>Fort.</strong></span> <span class='ocrx_word' id='word_1_235' title='bbox 922 4166 1122 4233; x_wconf 82' lang='grc' dir='ltr'><strong><em>καταληκτικδν</em></strong></span> <span class='ocrx_word' id='word_1_236' title='bbox 1190 4171 1209 4225; x_wconf 88' lang='grc'><strong>3</strong></span> <span class='ocrx_word' id='word_1_237' title='bbox 1226 4190 1310 4246; x_wconf 84' lang='grc' dir='ltr'><strong><em>περα-</em></strong></span> 
     </span>
    </p>
   </div>
   <div class='ocr_carea' id='block_1_6' title="bbox 202 4248 1312 4412">
    <p class='ocr_par' dir='ltr' id='par_1_11' title="bbox 202 4248 1312 4412">
     <span class='ocr_line' id='line_1_37' title="bbox 203 4248 1312 4321; baseline 0.009 -18"><span class='ocrx_word' id='word_1_238' title='bbox 203 4250 351 4321; x_wconf 67' lang='grc' dir='ltr'><strong><em>κυόμενον.</em></strong></span> <span class='ocrx_word' id='word_1_239' title='bbox 438 4248 548 4306; x_wconf 74' lang='lat' dir='ltr'><strong>4F0rt.</strong></span> <span class='ocrx_word' id='word_1_240' title='bbox 567 4250 622 4305; x_wconf 75' lang='grc' dir='ltr'><strong><em>ια’.</em></strong></span> <span class='ocrx_word' id='word_1_241' title='bbox 707 4251 842 4309; x_wconf 55' lang='lat' dir='ltr'><strong>&lt;Somnia</strong></span> <span class='ocrx_word' id='word_1_242' title='bbox 857 4250 938 4306; x_wconf 75' lang='lat' dir='ltr'>huius</span> <span class='ocrx_word' id='word_1_243' title='bbox 955 4251 1062 4307; x_wconf 71' lang='lat' dir='ltr'><strong>fabulae</strong></span> <span class='ocrx_word' id='word_1_244' title='bbox 1080 4252 1182 4321; x_wconf 77' lang='lat' dir='ltr'><strong>scholia</strong></span> <span class='ocrx_word' id='word_1_245' title='bbox 1200 4258 1312 4313; x_wconf 76' lang='lat' dir='ltr'><strong>metrica</strong></span> 
     </span>
     <span class='ocr_line' id='line_1_38' title="bbox 202 4336 1310 4412; baseline 0.006 -20"><span class='ocrx_word' id='word_1_246' title='bbox 202 4339 310 4405; x_wconf 75' lang='lat' dir='ltr'><strong>praeter</strong></span> <span class='ocrx_word' id='word_1_247' title='bbox 326 4336 411 4392; x_wconf 78' lang='lat' dir='ltr'><strong>schol.</strong></span> <span class='ocrx_word' id='word_1_248' title='bbox 428 4336 489 4401; x_wconf 86' lang='lat'><strong>316,</strong></span> <span class='ocrx_word' id='word_1_249' title='bbox 507 4336 568 4402; x_wconf 78' lang='lat'><strong><em>372,</em></strong></span> <span class='ocrx_word' id='word_1_250' title='bbox 586 4337 707 4394; x_wconf 78' lang='lat'>3840111.</span> <span class='ocrx_word' id='word_1_251' title='bbox 729 4344 760 4394; x_wconf 84' lang='grc' dir='ltr'><strong><em>Θ.</em></strong></span> <span class='ocrx_word' id='word_1_252' title='bbox 781 4345 822 4392; x_wconf 87' lang='grc' dir='ltr'><strong><em>Μ.</em></strong></span> <span class='ocrx_word' id='word_1_253' title='bbox 943 4340 961 4393; x_wconf 87' lang='grc'><strong>6</strong></span> <span class='ocrx_word' id='word_1_254' title='bbox 978 4338 1022 4393; x_wconf 77' lang='lat' dir='ltr'><strong><em>ef.</em></strong></span> <span class='ocrx_word' id='word_1_255' title='bbox 1039 4339 1126 4410; x_wconf 79' lang='lat' dir='ltr'><strong>Heph.</strong></span> <span class='ocrx_word' id='word_1_256' title='bbox 1145 4358 1202 4412; x_wconf 79' lang='lat' dir='ltr'><strong><em>cap.</em></strong></span> <span class='ocrx_word' id='word_1_257' title='bbox 1220 4343 1267 4399; x_wconf 82' lang='lat' dir='ltr'><strong><em>lx.</em></strong></span> <span class='ocrx_word' id='word_1_258' title='bbox 1286 4347 1310 4401; x_wconf 85' lang='lat'><strong><em>1.</em></strong></span> 
     </span>
    </p>
   </div>
   <div class='ocr_carea' id='block_1_7' title="bbox 0 0 1595 4984">
    <p class='ocr_par' dir='ltr' id='par_1_12' title="bbox 0 0 1595 4984">
     <span class='ocr_line' id='line_1_39' title="bbox 0 0 1595 4984; baseline 0 0"><span class='ocrx_word' id='word_1_259' title='bbox 0 0 1595 4984; x_wconf 95' lang='lat' dir='ltr'><strong><em> </em></strong></span> 
     </span>
    </p>
   </div>
  </div>
 </body>
</html>
