3134 4984
698 266 805 324 Scholia
820 268 849 323 in
867 268 979 339 equites.

374 430 568 489 322-«334.
613 415 675 509 ἄρα
697 416 762 512 δῆτ’
783 420 840 491 οίκ
862 418 920 490 ἄπ’
943 425 1064 515 ἀρχῆςι
1092 426 1254 515 [Κορωνὶς
1278 426 1394 494 δὲκαὶ

283 519 444 603 εἴσδεσις
466 533 563 614 χοροῦ
593 526 776 616 προῳδικῆ,
820 526 875 594 διδ
904 527 943 596 τδ
981 524 1033 595 δεῖ
1070 528 1299 618 προτίθεσθαι
1335 539 1395 620 τῆς

283 629 417 716 διπλῆς,
438 626 473 695 ἐκ
494 623 605 695 κώλων
628 629 683 696 καὶ
705 628 822 712 στίχων
844 630 1155 721 πολυσχηματίστων
1169 632 1302 702 δώδεκα.
1330 627 1392 701 1ὧν

282 730 324 797 τὰ
348 736 464 819 πρῶτα
484 728 560 820 τρία
582 733 745 800 παιωνικδι
773 731 907 820 δίμετρα
939 726 1162 825 αῖκατοίληκτα,
1200 729 1223 802 δ
1245 740 1392 805 καλεῖται

283 834 417 923 κρητικὰ
437 831 611 923 δίρρυθμα.
633 834 670 902 τὸ
693 835 728 903 δὲ
744 832 779 903 δ’
797 837 966 924 τροχαῖκδν
988 833 1228 927 ἑφθημιμερὲς,
1250 835 1392 907 διαλεῖ-

282 962 338 1005 ται
361 934 568 1026 Εὐριπίδειον
590 937 788 1027 ῆληκύθιον.
819 939 860 1005 τὰ
882 939 919 1006 δὲ
940 939 978 1021 ε’,
1003 936 1047 1023 ς’,
1072 937 1122 1024 θ’,
1146 940 1173 1007 ι’
1194 938 1392 1031 τετράμετρα

282 1036 508 1130 καταληκτικοῖ.
529 1068 571 1109 τα
559 1041 623 1109 δὲ
638 1037 666 1125 ζ’
667 1069 716 1162 ,η
722 1041 927 1109 ’δακτυλικά
949 1043 1153 1168 τετράμετρα.
1175 1043 1268 1112 ταδὲ
1284 1049 1392 1112 τελευ-

280 1151 359 1213 ταῖα
383 1142 440 1213 δύο
454 1143 598 1229 ίαμβικδι
618 1140 814 1232 τετράμετρα
836 1142 1111 1234 καταληιιτικοί,τ
1099 1145 1198 1231 όμοια
1218 1154 1288 1228 τοῖς
1310 1146 1390 1261 ἑξῆς.

280 1248 340 1316 ἐπὶ
358 1255 408 1338 τρῖ
426 1247 511 1316 τέλει
531 1244 686 1334 κορωνίς]

368 1376 481 1436 335-
492 1375 565 1434 380
611 1366 682 1452 [καί
701 1366 765 1455 μὴν
784 1362 941 1435 ἀκούσαθ’
965 1361 1056 1447 οἷοςε
1086 1365 1249 1449 Εῖσδεσις
1269 1372 1392 1462 διπλῆς

280 1463 456 1555 οῖμοιβαίας
484 1470 520 1537 ἐκ
550 1467 666 1552 στίχων
702 1467 861 1554 ίαμβικιῖν
894 1471 1115 1561 τετραμέτρου
1149 1474 1391 1562 καταληκτικαῖν

279 1569 343 1659 λβ’.
371 1564 414 1641 ὧν
435 1574 616 1652 τελευταῖος

453 1694 486 1762 νῆ
504 1694 554 1751 τὸν
576 1696 722 1759 Ποσειδῶ,
744 1696 815 1767 κάμὲ
834 1692 888 1768 γὰρ
907 1694 992 1768 ἤνπερ
1011 1715 1043 1765 γε
1061 1701 1159 1750 τοῦτον
1177 1697 1260 1771 ἕλκης.

280 1794 339 1862 ἐπὶ
361 1800 408 1884 τῷ
428 1793 514 1863 τέλει
537 1797 637 1885 διπλῆ
661 1791 723 1876 ἔξω
744 1800 913 1862 νενευκυῖα.
950 1792 1023 1885 ἑξῆς
1054 1795 1090 1862 δὲ
1109 1795 1229 1864 τούτων
1251 1796 1391 1883 ἱαμβικὰ

279 1896 414 1987 δίμετρα
438 1896 642 1989 δικατιίληκτα
664 1925 692 1966 ιε
701 1894 718 1980 ’,
747 1899 831 1989 πλὴν
855 1904 913 1967 τοῦ
934 1899 1170 1988 παρατελεδτου
1191 1901 1390 1990 μονομέτρου

278 2000 371 2082 δ’ντος
399 2001 453 2069 καί
485 2009 542 2070 τοῦ
570 2000 751 2070 τελευταίου
783 2001 933 2091 διμέτρου
967 2007 1207 2094 καταληκτικοῦ.
1250 2003 1309 2071 ἐπὶ
1339 2013 1388 2094 τῷ

275 2103 361 2173 τίλει
387 2106 507 2194 ’διπλῆ
532 2102 594 2186 ἔξω
615 2110 801 2191 νενευκυῖα]

367 2234 563 2294 381-408.
613 2218 651 2315 ῆν
682 2222 746 2312 δίρα
774 2220 877 2313 πυρός
903 2249 911 2293 t
951 2225 1121 2315 [Κορωνὶς
1154 2225 1208 2294 καὶ
1239 2225 1389 2309 εῖσθεσις

273 2335 367 2451 χοροῦ
379 2327 603 2456 προηιδικῆ
587 2354 624 2395 εκ
645 2323 757 2395 κώλων
780 2333 968 2395 παιωνικῶν
996 2329 1067 2414 ε’πιι
1054 2355 1163 2416 ,ιριεμιχ
1150 2329 1255 2414 μένων
1277 2358 1387 2421 κρητι-

275 2435 347 2511 κοῖς
375 2427 471 2499 ἑπτά.
502 2423 545 2497 ὦν
568 2429 606 2499 τδ
631 2438 760 2520 πρῶτον
785 2457 953 2520 τριμετρον
985 2433 1209 2562 ἀκατάληκτοη
1228 2431 1387 2559 καθαρόν.

273 2533 312 2603 τδ
334 2533 481 2623 δεύτερον
509 2531 555 2620 δίη
541 2559 660 2661 μετρον
692 2527 957 2658 οῖκατοίληκτοη
941 2562 977 2603 εκ
1003 2545 1208 2629 κρητικῶν
1189 2535 1261 2608 ῖτοι
1282 2533 1315 2625 οῖι
1302 2567 1387 2630 μφι-

272 2633 411 2726 μοῖκρων
433 2638 470 2705 τὸ
495 2635 603 2726 τρίτον
625 2636 738 2723 ὅμοιον
765 2643 813 2725 τῷ
833 2634 955 2727 πρώτην
976 2664 1013 2706 εκ
1028 2648 1195 2729 κρητικαῖν
1216 2642 1255 2710 τὸ
1270 2643 1387 2732 τέταρ-

272 2766 329 2809 τον
352 2741 475 2828 ὅμοιον.
503 2740 542 2808 τδ
566 2740 720 2826 πέμπτον
740 2739 853 2825 ὅμοιον
873 2748 920 2829 τῷ
943 2742 1081 2832 δευτέρην
1105 2742 1142 2809 ἐκ
1162 2752 1308 2825 παιῶνος
1329 2747 1386 2814 καὶ

272 2848 437 2933 κρητικοῦ,
475 2840 518 2922 ὡς
544 2843 600 2910 καὶ
627 2843 668 2910 τοὶ
698 2840 771 2933 ἑξῆς
798 2839 864 2911 δι’·ο.
908 2844 943 2911 ἑν
974 2845 1106 2913 ἐκθέσει
1135 2846 1172 2914 δὲ
1201 2847 1308 2932 στίχοι
1326 2850 1385 2917 δύο

271 2946 439 3033 τροχαϊκοί
459 2942 667 3037 τετράμετροι
695 2946 933 3037 καταληκτικοί.
972 2947 1030 3018 ἐπί
1052 2956 1101 3038 τῷ
1130 2949 1215 3019 τέλει
1239 2953 1384 3041 κορωνίς.

272 3045 344 3138 ἑξῆς
365 3049 401 3116 δὲ
422 3047 568 3139 σύστημα
588 3049 671 3118 κατὰ
692 3051 873 3141 περικοπῆν
895 3049 1011 3135 στίχων
1032 3050 1153 3138 ὁμοίων
1175 3055 1218 3135 ἕξ.
1246 3056 1288 3122 τὰ
1311 3053 1385 3146 ἑξῆς
1413 3058 1418 3069 ’

271 3150 346 3242 τρία
367 3153 457 3218 κῶλα
478 3157 536 3220 τοῦ
555 3158 652 3241 χοροί
676 3153 838 3243 τροχαϊκοῖ.
865 3147 909 3221 ὧν
925 3155 967 3221 τὰ
988 3155 1046 3240 μὲν
1068 3154 1123 3224 δίο
1144 3155 1279 3247 δίμετρα
1300 3151 1385 3225 οῖκα-

270 3253 424 3344 τοίληκτα,
448 3255 487 3321 τδ
508 3256 568 3341 μὲν
589 3257 671 3324 κατὰ
694 3257 751 3347 τῆν
773 3252 927 3346 τετάρτην
934 3312 942 3343 ,
972 3259 1010 3326 τδ
1031 3259 1067 3326 δὲ
1088 3262 1171 3326 κατὰ
1194 3261 1250 3350 τῆν
1272 3259 1383 3350 τρίτην

270 3354 390 3443 ἴαμβον
412 3355 533 3441 ἔχοντα.
570 3360 608 3428 τὸ
628 3360 665 3428 δὲ
684 3359 794 3449 τρίτον
817 3362 1050 3452 καταληκτικδν
1078 3359 1312 3452 ἑφθημιμερές.
1349 3361 1383 3430 οῖ

268 3457 340 3551 ἑξῆς
360 3457 484 3528 τούτων
506 3458 562 3530 δύο
585 3460 691 3546 στίχοι
713 3464 880 3551 τροχαϊκοί
904 3465 1110 3554 τετράμετροι
1142 3465 1382 3550 καταληκτικοί.

268 3563 391 3632 τῶνδὲ
414 3561 487 3655 ἑξῆς
518 3574 575 3634 τοῦ
601 3573 698 3657 χοροιῖ
720 3568 750 3636 ε’
772 3567 886 3634 κοίλων
912 3568 953 3636 τὰ
978 3569 1037 3654 μὲν
1058 3564 1104 3651 α’,
1137 3565 1175 3655 β’
1206 3567 1380 3636 δακτυλικὰ

267 3664 479 3757 τετράμετρα,
508 3670 550 3735 τὰ
571 3669 608 3737 δὲ
629 3666 674 3757 χ’,
696 3667 726 3737 ε’
747 3670 903 3758 τροχαϊκδι
928 3672 1126 3761 τετροίμετρα
1155 3671 1377 3761 καταληκτικοί.

266 3770 304 3839 τδ
325 3772 361 3839 δὲ
381 3771 535 3861 τέταρτον
559 3770 713 3859 ἰαμβικὸν
736 3771 887 3861 δίμετρον
909 3767 1138 3863 οῖκατοῖληκτον.
1159 3775 1198 3842 τὸ
1217 3771 1244 3842 ε’
1266 3774 1380 3860 ὅμοιον

353 4006 368 4058 1
393 4002 515 4072 Apparet
542 4000 716 4057 scholiastam
742 4001 766 4056 si
794 4001 883 4056 minus
902 4002 995 4069 verba,
1026 4005 1056 4058 at
1081 4007 1151 4058 certe
1181 4003 1379 4071 interpretandi

265 4087 398 4143 rationem
419 4105 539 4145 servasse
557 4088 708 4153 Heliodori,
739 4089 928 4157 antistrophen
951 4106 999 4144 suo
1019 4090 1107 4145 Marte
1131 4092 1160 4145 et
1183 4089 1276 4159 inepte
1291 4090 1377 4159 expli·

266 4178 379 4230 cantem.
409 4175 453 4247 (cf.
466 4175 538 4244 381.)
633 4174 843 4230 ssScribendum
867 4173 918 4228 δύο
936 4177 1038 4228 διπλαῖ
1052 4178 1102 4238 ἔξω
1120 4183 1288 4242 νενευκυῐαι,
1308 4192 1377 4247 quae

265 4260 296 4320 in
313 4261 366 4319 fine
384 4263 520 4323 ἐκθέσεως
536 4267 583 4327 τῆς
598 4263 700 4331 διπλῆς
718 4259 914 4321 adscribuntur.
932 4261 966 4317 cf.
985 4262 1046 4319 441.
