3134 4984
307 283 359 339 112

305 442 574 524 penthemimeres.
619 462 728 507 versus
751 442 883 526 denique
905 461 958 508 sex
979 441 1113 525 pedibus
1133 445 1298 523 constans,
1323 464 1419 530 quem

306 547 361 611 alii
381 546 542 630 appellant
564 548 710 625 heroum,
733 548 788 611 aut
810 565 937 626 versum
958 546 1090 631 longum
1113 550 1169 612 ant
1189 550 1431 629 hexametrum,-

307 650 389 734 apud
411 652 551 717 veterem
573 651 775 716 scholiastam
799 645 878 726 ἔπος
898 650 949 733 (of.
971 652 1068 716 schol.
1089 651 1163 716 nuh.
1179 654 1258 738 467)
1272 656 1412 720 vocatu.

306 745 487 832 ,,Ἔπικοὶ“
515 754 648 838 legitur,
675 754 730 818 uhi
750 754 858 836 plures
879 773 922 818 se·
935 755 1091 837 excipiunt
1114 775 1224 822 versus
1244 759 1417 823 hexametri

307 858 359 943 (cf.
390 857 487 923 schol.
510 878 557 942 eq.
584 865 685 937 1191,
718 858 826 941 1139).
870 858 967 923 verba
999 878 1076 941 qnae
1104 863 1230 925 exstant
1255 862 1289 926 in
1319 862 1417 927 schol.

307 982 353 1046 eq.
377 972 393 1027 1
417 960 563 1027 τοττέοτι
588 959 770 1026 donavisset
794 955 961 1046 ἑξάμετρον
980 964 1187 1029 arecentiore
1209 965 1417 1048 grammatico

306 1065 414 1132 addita
436 1070 517 1132 sunt

394 1169 543 1254 Sequitur
579 1171 812 1253 anapaesticum
851 1172 1004 1249 metrum,
1049 1170 1132 1254 quod
1163 1174 1330 1260 praecipue
1361 1192 1417 1257 per

307 1274 481 1358 dipodiam‚
510 1275 670 1339 interdum
699 1294 754 1358 per
786 1274 926 1357 singulos
948 1273 1042 1357 pedes
1070 1277 1271 1357 ¹percutitur.
1315 1281 1374 1356 ,Δ
1380 1301 1417 1340 ι-

306 1379 461 1443 aloem
488 1379 570 1446 enim
595 1380 748 1444 vocantur
770 1376 830 1443 duo
860 1375 956 1461 podes
978 1381 1168 1470 anapaestioi
1197 1381 1247 1463 (ut
1270 1379 1418 1464 dactylici

307 1482 346 1549 cf.
370 1484 464 1566 paulo
493 1484 600 1567 supra)
632 1483 665 1547 in
694 1483 792 1547 schol.
815 1502 884 1565 pac.
902 1489 983 1560 512,
1019 1502 1091 1547 cum
1118 1484 1188 1548 aliis
1215 1483 1293 1550 locis
1320 1484 1418 1549 iidem

307 1586 503 1672 appellentur
524 1583 772 1670 ,,μονόμττρον“
802 1586 951 1653 velutin
973 1587 1068 1651 schol.
1092 1607 1160 1669 pac.
1176 1594 1229 1651 82.
1273 1588 1417 1654 videmus

307 1694 414 1758 autern
442 1693 501 1756 hoc
529 1690 598 1756 loco
625 1691 783 1774 (similiter
812 1690 846 1753 in
876 1690 971 1755 schol.
994 1696 1161 1773 pac.154‚
1201 1698 1282 1773 974,
1321 1700 1416 1772 1390,

307 1795 401 1879 equit
417 1803 498 1874 498,
519 1796 655 1860 Acharn.
674 1795 771 1878 1143)
794 1796 933 1876 systema
955 1796 1205 1877 anapaesticum‚
1234 1795 1331 1879 (apud
1350 1798 1416 1861 He-

305 1899 521 1983 phaestionem
542 1892 751 1981 ὑπέρμετρον)
784 1893 968 1980 ,περίοδον
990 1891 1229 1984 οἷναπονστικὴν
1251 1894 1417 1964 ἐννεακαι-

306 1996 613 2087 τριοκοντάμετρον“
635 2001 800 2066 nominari.
833 2019 912 2084 quae
933 2002 1101 2084 appellatio
1123 2001 1199 2067 licet
1213 2021 1276 2067 non
1290 2004 1418 2087 propria

307 2107 350 2173 sit
371 2106 485 2173 veteris
505 2106 709 2184 scholiastae,
739 2107 846 2170 tamen
867 2124 938 2170 raro
959 2107 1118 2170 invenitur
1142 2106 1225 2189 apud
1247 2107 1326 2172 alios
1348 2127 1416 2173 me·

306 2211 419 2290 tricos,
453 2210 492 2275 cf.
513 2211 609 2276 schel.
632 2209 734 2292 Heph.
759 2228 829 2293 pag.
847 2216 904 2274 31:
935 2198 994 2273 οὐκ
1023 2205 1182 2288 ἐνδέχεται
1211 2205 1321 2290 στίχον
1344 2206 1419 2293 μετ’·

306 2312 382 2394 ζονα
418 2309 440 2401 ἢ
465 2307 739 2400 τροοκοντάσημον
775 2303 877 2391 εἶναι,
916 2302 984 2377 ἀλλ’
1014 2306 1043 2375 εἰ
1081 2307 1229 2398 εὑρεθείη
1264 2307 1419 2397 περίοδος

306 2419 450 2483 καλεῖται
473 2425 505 2483 et
525 2418 604 2484 Mar.
625 2417 707 2482 Vict
727 2437 758 2501 p.
776 2424 816 2482 79
846 2409 1028 2499 ,περίοδος
1055 2415 1170 2481 dicitur
1198 2417 1299 2483 omnis
1321 2418 1420 2483 hexa-

306 2522 400 2588 metri
427 2542 537 2588 versus
572 2521 701 2586 modum
728 2519 895 2597 excedens,
933 2518 1015 2584 unde
1052 2538 1090 2585 ea
1122 2540 1201 2603 quae
1228 2521 1358 2586 modurn
1388 2524 1421 2587 et

307 2645 486 2693 mensuram
508 2626 626 2691 habent
647 2622 748 2708 μέτρα
772 2623 857 2689 dieta
881 2625 970 2701 sunt,
1004 2624 1035 2687 et
1056 2643 1128 2708 pag.
1148 2631 1228 2703 103,
1255 2625 1309 2690 uhi
1329 2644 1419 2690 oom-

307 2731 421 2815 positio
457 2731 555 2796 trium
592 2728 788 2812 dipodiarum
821 2727 1091 2811 anapaesticarum
1125 2730 1158 2793 et
1192 2728 1422 2813 dactylicarum

307 2831 461 2921 περίοδος
481 2833 666 2917 appellatur.
708 2833 758 2897 his
780 2835 888 2897 autem
910 2831 1046 2915 periodis
1067 2833 1276 2917 anapaesticis
1291 2833 1323 2897 in
1344 2832 1417 2899 cola

307 2937 483 3005 distributis
513 2939 657 3003 binarum
686 2935 884 3019 dipodiarum
907 2933 1062 3022 (μέτριον)
1094 2956 1172 3020 quaa
1204 2936 1420 3002 admiscentur

306 3041 449 3127 singulae
473 3040 615 3126 dipodiae
637 3042 791 3106 vocantur
813 3036 1056 3124 ,,μονόμετρο“,
1088 3060 1160 3105 eum
1190 3039 1317 3106 eaedem
1345 3059 1420 3107 ver·

307 3147 394 3211 sibus
422 3146 501 3213 alius
530 3145 626 3211 metri
655 3147 710 3210 aut
730 3144 870 3209 eiusdem
895 3138 1160 3227 111,,περίοδον“
1190 3164 1253 3210 non
1275 3163 1420 3227 compre·

306 3250 413 3315 heusis
441 3250 642 3316 intermixtae
670 3249 800 3328 ,διπλᾶ
835 3240 1084 3310 οἷνοιποιιστικοὶ(ι
1121 3247 1187 3334 (vel
1216 3239 1420 3312 ἀνάπαιστον

306 3354 423 3418 διπλοῖ
445 3354 484 3419 cf.
506 3353 602 3419 schol.
626 3372 693 3437 pac.
709 3358 771 3417 459
794 3351 849 3417 ubi
869 3353 972 3417 exstat
989 3350 1125 3427 διπλοῦς
1146 3345 1420 3439 πολιμβάκχειος)

308 3456 461 3524 dicantur.
506 3476 606 3541 neque
635 3457 740 3521 minus
759 3474 816 3538 per
844 3455 1064 3538 monopodiam
1093 3456 1206 3520 feritur
1226 3455 1314 3520 colon
1341 3474 1420 3520 ana·

296 3562 482 3646 -paesticum
501 3562 602 3627 tribus
624 3560 797 3626 subsistens
819 3557 951 3643 pedibus
982 3559 1020 3623 cf.
1044 3559 1142 3625 schol.
1164 3579 1232 3644 pao.
1250 3564 1311 3625 770
1341 3548 1422 3621 ἄνα-

307 3664 487 3730 ποιοτικὸν
508 3661 653 3751 τρίπουν,
675 3664 757 3747 quod
769 3664 802 3727 in
817 3664 914 3728 schol.
927 3683 994 3746 pao.
1012 3670 1074 3727 939
1097 3663 1299 3750 (1.τριποδ)
1322 3664 1421 3728 resti-

306 3771 459 3835 tuendum
481 3773 537 3835 est.
582 3769 669 3834 cuius
691 3770 829 3852 primunr
846 3766 957 3851 pedem
980 3767 1007 3832 si
1028 3769 1161 3851 occupat
1184 3767 1338 3851 spondeus
1361 3771 1422 3833 aut

306 3875 445 3952 iambus,
471 3873 646 3956 appellatur
666 3867 883 3956 ἀναπαιστικὴ
912 3865 1067 3956 περίοδος
1090 3869 1292 3957 προσοδιακὴ
1315 3871 1422 3935 δωδε-

307 3970 453 4064 κάσημος
473 3972 493 4064 ἢ
516 3969 732 4063 ἓνδεκάσημος
754 3976 807 4059 (cf.
830 3974 926 4040 schol.
950 3994 1018 4058 pac.
1036 3981 1098 4041 775
1123 3978 1156 4040 et
1171 3976 1243 4042 nub.
1260 3976 1337 4058 457)
1362 3979 1423 4041 aut

308 4079 529 4166 προσοδιακὸν
551 4074 765 4166 ἓνδεκάσρμον
787 4075 808 4163 ἢ
829 4076 1057 4186 ὃτοδεκάσρμον
1080 4078 1132 4161 (cl.
1155 4079 1250 4143 schol.
1267 4098 1334 4161 pac.
1352 4086 1419 4144 939

395 4304 409 4357 1
428 4303 469 4355 (tf.
487 4303 555 4356 Mar.
574 4302 644 4355 Viot.
665 4317 727 4371 pag.
741 4303 792 4359 101
811 4301 864 4370 (ed.
883 4299 990 4370 (laist).
