3134 4984
255 270 291 326 28
687 262 795 325 Scholia
810 268 840 324 in
861 268 933 324 1³1th

345 430 539 497 598—618.
586 417 688 513 [dud
716 421 857 514 φθείρου
886 424 943 493 καί
974 424 1017 515 μὴ
1045 419 1179 515 γρῦζῃςε
1205 422 1364 506 ’Έκδεσις

259 532 338 619 ιτῆς
363 530 484 618 διπλῆς
512 527 548 596 ἐκ
577 524 689 596 κιόλων
718 526 838 614 ὁμοίιον
872 521 1117 597 άναπαιστικῶν
1154 524 1214 612 κά,
1252 523 1295 596 ὦν
1325 528 1362 597 τδ

256 639 389 720 πρῶτον
409 629 558 722 δίμετρον
580 626 815 723 άκατάληκτον,
837 633 875 703 τό
899 629 1046 722 δεύτερον
1067 632 1261 720 μονόμιτρον
1284 630 1364 700 άκα-

256 731 427 827 τάληκτον,
465 735 503 802 τδ
525 731 552 823 γ’
572 733 682 821 ὅμοιον
708 743 755 825 τῷ
777 733 916 826 πρώτῳ,
953 731 1041 805 τδδ
1068 736 1123 804 καί
1143 735 1188 804 τὸ
1211 736 1366 822 πέμπτον

256 838 371 926 ὅμοια,
409 838 447 909 τό
469 834 497 921 ς’
518 836 629 925 ὅμοιον
650 845 696 930 τῷ
719 841 870 931 δευτέρῳ,
899 841 938 909 τὸ
962 840 1101 927 ἕβδομον
1123 837 1235 926 ὅμοιον
1254 847 1301 930 τῷ
1323 835 1364 924 α’,

256 941 294 1012 τὸ
317 942 344 1034 η’
367 941 480 1028 ὅμοιον
501 950 548 1032 τῷ
567 942 718 1034 δευτέρῳ,
740 944 779 1013 τδ
801 942 928 1012 ἔννατον
947 943 1059 1031 ὅμοιον
1078 951 1126 1033 τῷ
1147 940 1187 1027 α’,
1207 944 1246 1012 τό
1270 943 1365 1012 δέκα·
1433 1000 1437 1005 .

257 1072 313 1115 τον
341 1044 453 1132 ὅμοιον
478 1052 527 1137 τῷ
552 1047 701 1137 δευτέρῳ,
739 1047 777 1117 τὸ
806 1047 850 1115 ια’
871 1044 983 1134 ὅμοιον
1009 1053 1055 1136 τῷ
1088 1047 1221 1136 πρόπῳ,
1261 1046 1298 1115 τὸ
1321 1044 1366 1133 ιβ

257 1146 1370 1241 Μωῷάώῴώδώὠώῴώᾥώῄώ

259 1253 308 1322 ιδ’
329 1253 427 1340 ὅμοια
447 1260 494 1343 τῷ
517 1250 652 1344 πρώτῳ,
674 1254 744 1346 ἤτοι
766 1254 902 1346 δίμετρα
920 1248 1138 1345 άκατάληκτα·
1161 1254 1199 1322 τὸ
1215 1254 1243 1322 κ’
1258 1254 1371 1340 ὅμοιον

257 1364 304 1448 τῷ
324 1355 365 1445 β,
387 1355 608 1449 άναπαιστικὴ
638 1356 753 1447 βάσις,
790 1358 862 1451 ἤτοι
887 1356 1100 1449 μονόμετρον,
1138 1353 1236 1428 δκαὶ
1260 1385 1370 1448 παρα-

258 1462 405 1531 τέλειπον
428 1455 634 1548 ὀνομάζεται·
655 1463 694 1532 τὸ
716 1464 772 1532 κα’

590 1590 637 1639 καὶ
656 1591 702 1654 τῆς
718 1591 819 1648 πενίας
835 1588 1034 1662 καταπαρδεῖν,

262 1680 410 1775 δίμετρον
452 1686 684 1777 καιοληκτικὸν
725 1685 771 1768 εἰς
813 1687 985 1779 συλλαβήν,
1029 1685 1102 1773 ἢτοι
1138 1684 1370 1777 ἓῳθημιμερὲς,

261 1786 375 1877 ὅμοιον
395 1795 443 1880 τῷ
464 1789 627 1882 Κρατίνου
650 1791 683 1860 ἐν
701 1785 905 1861 Ὀδυσσεῦσιν

575 1911 662 1984 σιγάν
680 1919 748 1969 ’νυν
764 1915 839 1976 άπας
858 1917 918 1985 ἔχε,
938 1913 1032 1984 οιγάν,

574 2005 621 2054 καὶ
639 1997 732 2057 πάντα
751 1999 838 2072 λόγον
854 1999 926 2072 τάχα
953 1998 1050 2075 πεύσῃ.

575 2085 643 2158 ἡμῖν
661 2085 686 2140 δ
704 2084 800 2154 Ἰθάκη
820 2094 919 2159 πατρίς
934 2088 1002 2152 ἐστι,

575 2176 697 2245 πλέομεν
714 2175 739 2227 δ
760 2173 807 2245 ἅμ’
825 2174 956 2228 Ὀδυσσέϊ
976 2180 1052 2243 θείῳ.

262 2277 430 2344 καλεῖται3
451 2275 487 2344 δὲ
510 2271 738 2367 παροιμιακόν,
762 2274 807 2356 ὡς
822 2273 1032 2366 Ἡφαιστίων
1054 2273 1152 2365 φησί,
1176 2273 1231 2343 διὰ
1252 2275 1372 2342 τὸπα·

261 2376 392 2468 ροιμίας
418 2379 510 2460 τινάς
543 2379 576 2447 ἒν
604 2374 709 2468 τούτῳ
738 2386 787 2470 τῷ
809 2380 916 2468 μέτρῳ
937 2373 1035 2447 εἶναι·
1072 2370 1128 2447 οίκ
1157 2375 1288 2458 εἰκότως
1315 2375 1372 2445 δέ·

263 2481 329 2551 εἰσί
356 2483 415 2572 γὰρ
448 2481 625 2573 παροιμίαι
660 2482 776 2553 ἓπικαί
813 2484 869 2551 καί
903 2479 1071 2569 ίαμβικαί,
1107 2482 1164 2549 καὶ
1193 2474 1230 2548 οὗ
1257 2476 1373 2549 τούτου

261 2581 361 2673 μόνου
389 2593 448 2654 τοῦ
474 2587 600 2675 μέτρου.
641 2581 712 2656 εἶτα
746 2587 802 2655 δίο
831 2588 963 2670 διπλαῖ,
1002 2584 1021 2677 ἦ
1048 2585 1106 2672 μὲν
1138 2585 1173 2652 ἐν
1202 2580 1285 2675 άρχῇ
1312 2590 1375 2654 τοῦ

261 2686 445 2758 τελευταίου
479 2688 598 2770 κοίλου,
634 2688 654 2777 ἡ
682 2690 718 2759 δὲ
754 2691 838 2758 κατά
873 2688 911 2759 τδ
945 2690 1054 2770 τέλος·
1091 2681 1275 2779 άμφότεροι
1309 2686 1373 2771 ἔξω

262 2797 465 2882 νενευκυῖαι.]]

352 2924 545 2983 619-626.
591 2913 668 3004 αὕτη
695 2915 754 3000 μὲν
779 2912 877 3005 ἡμῖνε
905 2914 1056 3003 Σάστημα
1085 2914 1168 2983 κατὰ
1189 2914 1374 3005 περικοπὴν

263 3015 492 3108 άνομοιομερὲς
513 3016 629 3103 στίχων
650 3016 811 3105 ἰαμβικιῦν
830 3018 1006 3109 τριμέτρων
1028 3015 1254 3110 ἀκαταλήπτων
1269 3017 1372 3087 δκτιό·

263 3122 323 3191 ἐπὶ
344 3127 391 3211 τῷ
412 3124 497 3192 τέλει
529 3120 760 3215 παράγραφος,
798 3125 852 3193 καί
882 3122 954 3215 ἑξῆς
981 3124 1026 3213 τό,
1047 3128 1153 3212 χοροῦ.
1198 3115 1373 3191 κάντοῦθα

264 3325 321 3378 ἀλλ’
343 3323 387 3379 ὅτι
404 3321 521 3399 μάλισθ’
541 3323 583 3377 δτι
602 3323 693 3392 (scrib.
713 3314 800 3392 οὗτοι)
820 3321 1017 3388 πλεονάζουσι,
1047 3327 1094 3377 καὶ
1122 3324 1163 3377 ἔτι
1190 3326 1298 3395 μάλλον
1323 3321 1372 3377 διὰ

263 3410 294 3464 τὸ
312 3412 342 3465 ἐκ
360 3409 462 3470 παντὸς
484 3409 537 3463 τὸν
554 3413 712 3464 τελευταῖον
736 3408 798 3477 ἤτοι
823 3407 847 3472 ζ’
871 3407 948 3463 πόδα
970 3408 1019 3463 τὸν
1036 3409 1089 3481 πρὸ
1112 3413 1158 3476 τῆς
1176 3413 1374 3476 καταληκτικῆς

266 3500 400 3565 συλλαβῆς
418 3493 591 3551 ἀνάπαιστον
611 3495 691 3551 εἶναι.
725 3496 885 3565 ἐπιδέχεται
906 3496 938 3550 δὲ
960 3493 1009 3548 διά
1037 3500 1128 3566 μέσου
1146 3493 1306 3569 ἀδιάφορον
1325 3499 1374 3549 καὶ

265 3582 442 3646 σπονδείους,
463 3578 583 3651 ἰάμβους
602 3584 696 3634 τεκαὶ
715 3578 872 3638 δακτύλους.

353 3680 484 3735 1Τοίισιυ
501 3681 552 3736 hoc
569 3679 687 3735 oholium
701 3697 754 3735 om.
776 3684 807 3734 Θ.
894 3681 980 3734 2νῦν
998 3678 1059 3733 Ald.
1150 3679 1219 3734 3111
1236 3680 1309 3735 lunt.
1326 3681 1373 3751 ἔχε

265 3765 362 3839 σιγάν
386 3770 510 3822 καλεῖται
529 3769 624 3822 δὲκαὶ
644 3765 837 3841 παροιμιακὸν
860 3765 908 3820 διὰ
931 3765 963 3820 τὸ
983 3765 1089 3827 πολλάς
1115 3773 1270 3837 παροιμίας
1284 3765 1373 3837 τούτῳ

265 3859 441 3921 πεποιῆσθαι
459 3861 498 3924 τῷ
514 3860 616 3926 μέτρῳ.
634 3851 740 3914 Ἄλλως.
779 3849 918 3924 παροίμία
935 3854 982 3906 ἰπὶ
999 3857 1054 3905 τῶν
1072 3852 1189 3922 ἀκριβῶς
1204 3851 1319 3907 εἰδότων
1336 3861 1372 3908 τί.

264 3945 312 3995 καὶ
330 3940 424 3996 πάντα
444 3944 495 3996 etc.
530 3941 617 4007 „illm
644 3947 782 4016 παροιμία
802 3940 850 3992 ἐπὶ
865 3944 920 3993 τῶν
937 3939 1058 4010 ἀκριβῶς
1081 3936 1198 3992 εἰδότων
1216 3959 1258 4003 τι,
1289 3939 1375 4009 perti·

264 4043 328 4084 nere
347 4029 467 4097 suspicor
484 4028 520 4084 ad
536 4045 563 4083 v.
582 4028 634 4085 600
653 4027 708 4097 [cui
725 4027 876 4096 ascriptum
892 4029 934 4081 est
950 4025 979 4080 in
996 4025 1097 4093 Regio,
1122 4024 1224 4080 additis
1248 4028 1321 4096 λέγει
1343 4028 1378 4081 δέ

266 4114 309 4167 ὅτι
328 4114 360 4166 οὐ
377 4112 417 4188 μή
434 4133 471 4185 με
490 4122 596 4174 πείσεις
614 4119 661 4167 καὶ
682 4113 731 4166 ἐὰν
749 4109 830 4186 δόξῃς
849 4112 989 4182 πείθειν],
1014 4111 1091 4182 quasi
1115 4110 1148 4167 ab
1167 4112 1201 4166 iis
1219 4112 1375 4181 proverbia·

264 4200 329 4255 liter
345 4202 470 4269 usurpari
489 4217 596 4256 monere
613 4200 756 4263 voluisset,
775 4199 823 4268 qui
840 4198 874 4253 (1ο
891 4192 1006 4253 veritate
1025 4198 1142 4253 cuiusvis
1160 4198 1201 4252 rei
1218 4199 1340 4268 persuasi
1358 4215 1375 4255 ο

266 4288 390 4358 ουεοορίο
407 4287 491 4343 semel
506 4288 643 4344 sententia
660 4286 744 4342 nullis
755 4285 888 4343 machinis
901 4284 1032 4341 dimoveri
1043 4302 1072 4342 se
1084 4285 1252 4356 patiuntur.“
1267 4286 1375 4341 Hemst.
