3134 4984
264 303 300 361 90
685 306 794 364 Scholia
809 309 839 364 in
856 325 957 380 pacem.

263 454 444 549 οἷμοιβαίας
462 461 533 554 μη’.
578 462 637 532 ἐπὶ
664 471 711 553 τῷ
739 464 825 533 τέλει
851 472 916 533 τῶν
945 464 1002 551 μέν
1026 471 1084 535 τοῦ
1109 476 1206 556 χοροῦ
1227 466 1371 557 κορωνίς,

262 572 320 655 τῆς
341 566 378 634 δέ
399 569 518 657 διπλῆς
540 566 559 658 ν)
579 565 642 649 ἔξω
662 570 773 659 διπλῆ.
815 567 874 637 ε’πὶ
899 568 1008 655 μέντοι
1029 575 1103 651 ταῖς
1124 565 1330 641 άποθέσεσιν
1351 571 1373 664 ἡ

263 668 407 761 συνέθυε
429 670 673 762 ναρᾶνυννεθ

352 818 547 878 651-657.
593 802 674 899 (ἅττ’
697 807 736 877 όν
757 803 812 879 οὖν
834 810 925 902 λέγῃς
946 838 955 881 2
987 816 1125 904 Διπλῆ1
1145 813 1201 881 καὶ
1223 810 1371 895 εἴσθεσις

263 912 311 994 εἷς
332 914 430 999 μέλος
452 914 637 1003 τροχαῖκδν,
668 908 704 982 οὗ
727 913 827 982 πέντε
846 915 905 1000 μέν
933 915 1004 984 έστι
1025 919 1112 984 κῶλα
1133 915 1266 1008 δι’μετρα
1288 911 1371 986 άκα-

261 1014 422 1108 τάληκτα,
445 1017 483 1085 τὸ
506 1019 543 1085 δέ
563 1014 597 1100 ς’
621 1017 851 1109 ἑφθημιμερές.
874 1019 908 1087 έν
927 1020 1060 1088 ἐκθέσει
1082 1021 1118 1090 δὲ
1139 1019 1295 1109 ἰαμβεῖον.
1314 1017 1370 1113 ὑφ)

262 1113 282 1190 δ
304 1119 338 1190 αλ
361 1115 595 1214 ἀμφοτέρωθεν
618 1120 679 1205 ἔξω
701 1125 843 1213 διπλαῖ.)

351 1267 546 1329 658-728.
592 1258 672 1349 (ἀλλ’
695 1262 752 1330 οὐκ
773 1261 811 1329 ἂν
830 1259 950 1332 εἴποτε
976 1267 1117 1355 Δίιπλῆ2
1143 1263 1199 1332 καὶ
1221 1261 1371 1348 εἴσθεσις

262 1364 353 1452 παρὰ
370 1364 408 1433 τό
431 1361 642 1453 τετράμετρον
662 1362 708 1446 εἷς
730 1363 867 1451 ίαμβικδ
891 1366 1045 1456 τρίμειρα
1068 1363 1132 1453 οβ’.
1169 1369 1250 1452 μετὰ
1272 1368 1308 1436 δέ
1327 1368 1372 1436 τὰ

261 1467 313 1538 λε’
334 1465 405 1538 ἔστι
427 1469 692 1559 προαναφιόνημα
712 1469 750 1538 τδ
772 1464 799 1537 ιό
822 1465 870 1558 τό.)

352 1616 546 1675 729-774.
583 1603 653 1694 (Ἥ
673 1603 883 1696 3παράβασις
904 1608 982 1697 αὕτη
1007 1602 1063 1676 σιἰκ
1085 1607 1154 1678 ἔστι
1171 1605 1287 1677 τελεία.
1309 1616 1372 1677 τοῦ

260 1712 321 1800 γάρ
344 1709 561 1800 έπιρρὴματος
583 1711 639 1779 καὶ
662 1708 938 1802 άντεπιρρήμοιτος
958 1711 1134 1803 ἐστέρηται.
1170 1709 1241 1780 ἔστι
1262 1709 1371 1780 τοίνυν

264 1897 470 1912 ...u——

350 2010 426 2065 101³,
445 2013 635 2083 κωλομετρίαν
751 2010 829 2064 2cf.
848 2014 1038 2086 κωλομετρίαν
1142 2015 1160 2068 3
1182 2011 1259 2066 Alius
1277 2028 1370 2083 gram·

263 2098 377 2154 mationa
394 2096 459 2152 haec
471 2099 599 2152 annotat:
619 2097 701 2165 (733.)
715 2101 791 2170 χρῆν
801 2097 856 2169 μὲν
872 2095 997 2153 τάπτειντ
1017 2099 1091 2168 (Νῦν
1103 2097 1261 2172 παραβάσει
1273 2104 1369 2174 κέχρη-

260 2207 306 2240 ττιι
324 2184 339 2239 ὁ
355 2183 460 2258 χορός,
477 2185 567 2255 μηδὲν
585 2187 649 2255 περὶ
668 2187 719 2242 τοι]
737 2189 923 2256 προκειμένου
942 2187 1029 2254 λέγων
1049 2183 1064 2251 ἢ
1085 2184 1136 2241 τὸν
1151 2183 1269 2252 ποιητὴν
1285 2186 1367 2238 ἐπαι-

260 2277 324 2327 νῶν.
360 2269 523 2340 παράβασιν
548 2267 665 2323 ἐκάλουν
693 2267 750 2322 άπὸ
779 2275 828 2323 τοῦ
855 2276 1040 2345 παραβαίνειν
1064 2270 1115 2323 τὸν
1137 2270 1227 2344 χορὸν
1249 2271 1305 2324 άπὸ
1322 2276 1371 2338 τῆς

261 2362 465 2430 νενομισμέμης
488 2353 610 2415 στάσεως
634 2361 673 2415 είς
696 2354 745 2422 την
768 2356 932 2431 καταντικρὺ
957 2362 1006 2410 τοῦ
1029 2355 1150 2431 θεάτρου
1168 2356 1251 2428 όψιν,
1279 2355 1368 2411 ὁπότε

260 2442 387 2513 ἐβούλετο
404 2444 419 2497 ό
435 2440 548 2510 ποιητὴς
566 2444 752 2511 διαλεχθῆναί
767 2463 794 2496 τι
815 2444 865 2504 ἔξω
883 2447 929 2509 τῆς
954 2444 1115 2503 ὑποθέσεως
1139 2443 1205 2498 άνευ
1224 2448 1279 2497 τῶν
1297 2443 1368 2497 ὑπο-

260 2534 364 2604 κριτῶν
381 2530 451 2602 πρὸς
471 2527 501 2582 τὸ
522 2533 640 2600 θέατρον
663 2527 732 2582 *διὰ
757 2535 806 2583 τοῦ
825 2536 923 2602 χοροῦ.
959 2530 1108 2604 ἐστρέφετο
1129 2532 1159 2585 δὲ
1184 2529 1199 2583 ό
1212 2528 1302 2603 χορός
1319 2535 1369 2583 καὶ

259 2617 387 2685 ἐγίνοντο
417 2614 551 2684 1’στοῖχοι
577 2615 616 2668 δ’.
652 2616 711 2669 εἶτα
740 2614 903 2675 διελθόντες
927 2614 977 2683 τὴν
1003 2620 1175 2688 καλουμένην
1191 2614 1368 2689 Δπαράβασιν

258 2703 424 2776 ἐστρέφοντο
444 2698 531 2754 πάλιν
551 2707 590 2762 εἰς
607 2699 657 2769 την
676 2706 815 2775 προτέραν
832 2699 940 2755 στάσιν.
979 2703 1065 2769 δῆλον
1083 2703 1114 2756 δὲ
1132 2708 1266 2757 ποιοῦσιν
1285 2700 1368 2755 αὐτοὶ

259 2791 288 2841 οἱ
308 2793 438 2855 ποιητιιί,
455 2786 486 2842 τὸ
505 2792 675 2860 στρέφεσθαι
697 2791 883 2858 σημαίνοντες
901 2786 998 2841 καὶτὸ
1016 2794 1211 2861 παραβαίνειν.
1246 2784 1368 2841 Πλάτων

258 2875 289 2930 ἐν
309 2879 346 2943 τῷ
363 2874 575 2948 Παιδιιρίῳ,,εί
593 2874 646 2944 μὲν
664 2871 840 2946 μηλίανοώ
857 2873 955 2942 ’νδρες
982 2871 1178 2947 ἠναγκαζόμην
1209 2874 1214 2944 Ι
1248 2877 1368 2948 στρέψαι

258 2961 343 3033 δεῦρ’,
362 2959 411 3013 οὐκ
430 2959 465 3014 άν
477 2965 598 3032 παρέβην
617 2963 657 3020 εἰς
676 2962 752 3021 λέξιν
771 2957 885 3015 τοιάνδ’
905 2961 1016 3024 ἐπῶν,“
1038 2956 1128 3032 άμφω
1151 2957 1294 3031 σημάνας,
1318 2963 1368 3013 καὶ

257 3045 288 3099 τὸ
307 3051 476 3121 στρέφεσθαι
494 3049 542 3099 καὶ
562 3043 594 3099 τό
614 3051 807 3118 παραβαίνειν.
842 3051 981 3118 Κρατῖνος
1006 3046 1037 3100 δὲ
1057 3046 1088 3120 ἐν
1105 3051 1137 3121 τῇ
1156 3049 1267 3116 Πυλαίην
1286 3047 1370 3113 δηλοῖ

259 3132 302 3186 ὅτι
318 3132 347 3194 ἕξ
364 3134 423 3186 ἐστι
442 3132 509 3201 ζυγιὶ
529 3137 577 3185 τοῦ
593 3136 690 3206 χοροῦ.
724 3129 790 3186 όδέ
808 3136 891 3200 νοῦς,
922 3133 1006 3205 ἐχρῆν
1023 3137 1091 3205 μέν,
1121 3137 1149 3186 εἴ
1173 3152 1214 3193 τις
1230 3134 1366 3205 κωμῳδο-

258 3216 374 3286 ποιητὴς
392 3218 493 3273 ἑαυτὸν
511 3219 542 3272 ἐπ
550 3216 604 3293 ᾑνει
625 3215 782 3291 παραβάσει
797 3214 957 3292 χρώμενος,
976 3217 1042 3278 τοὺς
1054 3217 1228 3293 ῥαβδούχους
1244 3219 1369 3278 ἐκείνους

256 3302 371 3357 τύπτειν
388 3303 497 3357 ᾱιιύτὸν
512 3302 549 3364 ὠς
566 3304 687 3378 ἀπρεπές
705 3324 733 3357 τι
751 3301 1039 3376 ομεταχειριζόμενον.
1059 3308 1084 3356 εἰ
1103 3306 1134 3359 δὲ
1152 3308 1260 3378 πρέπον
1278 3306 1367 3371 ἐστίν,

257 3388 416 3454 ιδΜοῦσα,
447 3388 545 3444 ἑαυτὸν
562 3391 708 3444 ἐπαινέσειν
726 3389 806 3454 τινά,
836 3392 924 3461 φησὶν
942 3389 957 3442 ὁ
975 3387 1144 3449 διδάσκαλος
1167 3388 1260 3461 ἡμῶν,
1290 3391 1363 3443 τοῦτ’

256 3474 364 3531 ἐστινὸ
387 3473 601 3548 Ἀριστοφάνης,
621 3474 696 3537 άξιος
712 3475 780 3528 εἶναι
801 3478 907 3542 πολλῆς
926 3480 1023 3547 τιμῆς,
1042 3474 1135 3540 ὅστις,
1159 3472 1367 3549 Ἀριστοφάνης,

256 3560 366 3636 άριστος
383 3564 537 3630 γεγένηται.
559 3560 627 3630 ἦσαν
647 3562 676 3616 δὲ
693 3562 741 3614 ἐπὶ
759 3565 806 3628 τῆς
823 3562 947 3633 θυμέλης
966 3558 1141 3634 ῥαβδοφόροι
1158 3562 1257 3627 (τινές,
1276 3563 1365 3627 ολτῆς

256 3648 404 3717 εὐκοσμίας
421 3648 549 3719 ἐμέλοντο
568 3646 624 3701 τῶν
649 3652 767 3704 θεατῶν.
804 3644 1012 3719 ἢραβδοάχους
1038 3647 1098 3700 εἶπε
1122 3646 1185 3707 τοὺς
1203 3646 1297 3721 κριτάς
1314 3652 1367 3701 τοῦ

256 3732 373 3804 ἀγῶνος,
394 3731 443 3794 οὓς
460 3732 475 3787 ὁ
494 3732 607 3805 ποιητὴς
625 3730 797 3806 αἰσυμνήτας
815 3733 901 3789 ελπεν.
942 3733 1003 3789 735.
1023 3730 1153 3805 παραβάς
1170 3734 1201 3787 ἐν
1217 3739 1277 3794 τοῖς
1293 3734 1366 3789 εἷνα-

255 3826 402 3880 παίστοιςε
421 3825 524 3876 Πάσαν
544 3825 739 3891 ὅπαρέκβασιν
758 3818 948 3880 άναπαίστους
965 3822 1046 3889 λέγει.
1067 3849 1099 3858 -
1126 3818 1213 3876 στὸν
1227 3818 1318 3890 χορὸν
1329 3819 1364 3874 V.

255 3911 304 3960 τοῦ
316 3912 406 3981 χοροῦ
423 3907 512 3962 Diibn.
602 3906 619 3962 b
637 3906 778 3977 legebatur
802 3912 906 3975 στίχοι,
932 3905 1003 3976 quod
1029 3904 1182 3961 emendavit
1198 3905 1278 3963 Dind.
1297 3906 1366 3961 duce

255 3991 338 4047 Suida
355 4010 376 4047 s.
393 3992 563 4066 Πιιράβασις.
652 4010 667 4049 ο
684 3995 736 4064 μὲν
754 4010 805 4049 om.
824 3994 871 4059 V.;
890 3995 954 4062 post
971 3995 1036 4048 λίαν
1054 3991 1151 4047 desunt
1168 3992 1288 4062 syllabae
1306 3994 1366 4049 tres

257 4085 352 4144 Νη
385 4095 448 4134 nam
471 4082 587 4133 metrum
613 4082 656 4134 est
677 4078 870 4150 Eupolidem,
898 4078 1048 4135 Meinekius
1070 4078 1178 4149 supp1et
1203 4079 1258 4134 ὑπὸ
1275 4083 1366 4137 τοῦθ’.

254 4164 344 4220 Diibn.
419 4163 556 4230 δαύτοῦ,
576 4164 647 4235 quod
664 4166 767 4221 emend.
787 4165 875 4221 Diibn.
951 4163 1241 4240 εμεταχειριζόμενος
1258 4166 1288 4221 R
1310 4186 1365 4239 με-

253 4253 489 4325 ταχειριζομένους
506 4251 539 4304 V.
562 4250 824 4325 μεταχειριζόμενον
845 4251 934 4307 Diibn.
953 4254 1030 4312 ,ἐστὶ
1047 4257 1158 4322 μοῦσαν
1180 4251 1241 4305 τινὰ
1261 4252 1365 4312 ἑαυτὸν

254 4336 402 4393 ἐπαινέσαι
419 4336 453 4392 R.
540 4337 640 4400 ἐτινὲς
658 4335 726 4415 πρὸς
743 4337 872 4402 εὐταξίαν
891 4342 947 4393 τῶν
963 4344 990 4392 θ.
1008 4327 1040 4393 R'.
1128 4337 1251 4408 gSerib.
1269 4340 1365 4416 παρά-
