3134 4984
1268 342 1304 399 99

194 498 279 563 bus¹
299 516 427 582 prorsus
450 497 597 563 abhorret
618 497 657 563 ab
679 496 772 563 huius
789 496 925 563 auctoris
941 498 1180 580 consuetudine,
1201 505 1301 585 neque

193 621 327 685 usquam
356 601 438 686 signi
468 620 582 667 nomen
611 602 698 669 velut
725 651 744 681 ‚‚
753 601 855 689 διπλῆ
862 606 881 638 “
908 601 994 667 aliud
1020 621 1086 669 ease
1114 605 1220 688 potest
1241 605 1303 670 nisi

151 698 155 704 ’
193 702 230 769 ιδ
254 708 386 793 σρμεῖον
406 695 463 791 τῆς
481 704 617 792 διπλῆς,
637 693 724 788 'quod
746 692 992 771 omnia'soholia
1014 708 1181 774 testantur.
1214 695 1328 774 simi·'
1363 717 1367 724 '

192 808 266 874 liter
285 804 422 893 κορωνὶς
443 809 629 874 vocabulum
652 803 808 893 nusquam
829 809 987 895 significat
1007 810 1170 895 periodum
1192 812 1303 877 metri·
1324 797 1330 872 .'

196 931 279 991 cam,
313 932 387 978 nam
420 932 483 977 non
504 915 541 977 ut
569 912 651 997 apud
681 915 803 979 ceteros
832 913 1016 982 scholiastae
1039 915 1079 981 ab
1103 934 1138 981 eo
1161 905 1328 982 uidemus⁴

195 1017 371 1099 genitivum
399 1034 585 1099 suspensum
620 1016 708 1082 velut
745 1013 882 1101 κορωνὶς
916 1011 1081 1083 εἰσιόντων
1110 1013 1302 1107 ὑποκριτῶν,
1317 1035 1322 1108 J

196 1121 250 1185 sed
282 1121 396 1205 ubique
429 1114 580 1205 κορισνίς·
617 1115 668 1184 ὅτι
706 1115 829 1185 εἰσίασι
855 1121 912 1186 ’παλ
943 1116 1091 1202 ,,εἷσίασι
1117 1120 1211 1210 γδρ“,
1249 1125 1305 1189 aut

194 1220 341 1309 κσρωνίς·
370 1218 532 1289 εἰσιόντων
552 1226 616 1293 τῶν
639 1218 822 1310 ὑποκριτῶν
845 1219 863 1288 ὁ
883 1222 979 1310 χορὸς
1000 1223 1095 1307 μένει,

281 1363 313 1444 3)
343 1360 484 1445 Denique
512 1380 638 1426 carmen
665 1360 826 1426 ehericum
853 1380 915 1426 non
943 1363 980 1427 ut
996 1363 1090 1446 apud
1115 1364 1302 1431 scholiastes

193 1465 375 1531 recentioris
396 1466 547 1548 temporis
569 1466 621 1548 (cf.
638 1466 735 1530 schol.
751 1467 813 1549 av.)
841 1465 1019 1550 appellatur
1042 1460 1191 1545 είσθεσις
1208 1472 1305 1554 χοροῦ

192 1566 305 1652 μέλος,
329 1570 357 1634 si
378 1570 580 1653 responsione
603 1572 703 1648 caret,
726 1571 782 1635 aut
806 1569 833 1633 si
852 1571 993 1652 sequitur
1014 1569 1208 1656 aliquantulo
1231 1575 1303 1657 post

149 1703 153 1708 -
193 1674 406 1757 antistrophe,
444 1666 593 1749 εἴσθισις
617 1675 716 1757 χοροῦ
747 1669 863 1755 μέλους
896 1676 1038 1760 στρσφῆς
1061 1672 1155 1758 λόγον
1179 1672 1305 1758 dhonne,

194 1779 250 1843 ant
277 1777 304 1843 si
331 1778 477 1842 cohaeret
508 1777 634 1861 strophe
658 1796 731 1841 cnm
753 1778 962 1860 antistrophe,
999 1772 1018 1864 ῆ
1045 1778 1170 1866 στροφὴ
1200 1771 1302 1868 (ᾠδή),

194 1882 302 1948 sedin
326 1882 469 1946 omnibus
497 1881 589 1946 rebus
616 1882 708 1946 tanta
736 1880 926 1964 conspicitur
955 1881 1038 1947 inter
1061 1883 1190 1966 antiqua
1211 1885 1303 1949 scho-

192 1986 237 2052 lia
260 1987 291 2051 et
314 1987 418 2072 cetera
439 1985 622 2050 recentioris
644 1986 795 2068 temporis
819 1984 1001 2065 diversitas,
1020 1987 1057 2051 ut
1079 2005 1171 2053 nemo
1194 1989 1303 2054 eadem

195 2091 233 2154 ab
261 2109 323 2155 uno
355 2091 461 2171 atque*
477 2087 587 2154 eodem
615 2091 742 2154 auctore
772 2089 915 2173 profecte
936 2109 1004 2156 esse
1031 2092 1209 2157 conmudat.
1253 2092 1303 2157 his

192 2193 372 2279 praemissis
399 2193 463 2258 iam
491 2194 544 2258 via
576 2193 700 2258 munita
728 2195 784 2259 est.
825 2192 945 2276 placuit
976 2195 1099 2273 antem,
1135 2197 1303 2281 antequam

195 2297 232 2363 de
252 2297 374 2363 dicendi
396 2297 527 2363 rationis
549 2300 581 2362 et
602 2297 700 2362 totius
721 2297 766 2362 rei
783 2298 932 2363 metricae
949 2314 1070 2363 summo
1085 2299 1169 2365 inter
1184 2300 1304 2367 scholia

193 2403 321 2485 antiqua
357 2421 510 2467 consensu
546 2400 697 2466 disserere
727 2400 892 2485 incipiam,
925 2402 1012 2485 prius
1047 2401 1086 2467 de
1114 2404 1303 2488 explicandis

193 2506 321 2575 vocibus
344 2504 530 2588 quibusdam
553 2505 715 2570 exordium
735 2524 865 2570 sumere.
911 2505 1031 2570 scholia
1051 2507 1159 2573 autem
1179 2510 1302 2593 Byzan-

192 2613 260 2676 tina
280 2609 566 2694 pervestigantibus
580 2628 728 2694 persaepe
751 2608 841 2674 nobis
858 2597 1062 2675 occurrerunt
1076 2610 1172 2692 talia,
1193 2606 1320 2677 ελ’σθε·’

192 2734 244 2790 σις
273 2718 330 2777 τοῦ
361 2706 540 2797 δράματος,
578 2709 712 2788 ἔκθεσις
746 2713 804 2776 τοῦ
839 2705 1022 2797 δράματος,
1061 2706 1211 2791 εῗσθεσις
1244 2719 1303 2804 τῆς

193 2816 319 2904 διπλῆς.
365 2836 402 2881 er
423 2817 473 2880 his
495 2815 571 2900 ipsis
592 2815 742 2899 exemplis
772 2815 863 2880 facile
895 2815 1069 2900 colligitur,
1106 2819 1184 2883 haec
1206 2805 1303 2885 verba
1377 2861 1380 2868 ·

192 2921 271 2985 nihil
293 2919 379 2985 aliud
402 2919 576 3003 significare
598 2919 661 2983 nisi
689 2919 816 2984 initium
839 2918 990 2985 dramatis
1012 2922 1045 2985 et
1073 2922 1207 3001 exitum,
1237 2923 1301 2987 ini-

193 3025 272 3089 tium
295 3024 410 3107 diplcs‚
432 3025 519 3107 (nam
541 3022 642 3109 διπλῆ
657 3017 815 3105 ἄμοιβαία
836 3041 899 3087 non
920 3024 968 3089 est
990 3023 1117 3107 signum
1131 3025 1186 3090 scd
1199 3028 1303 3109 perio-

194 3128 267 3212 dus,
291 3128 330 3193 cf.
355 3147 431 3211 quas
454 3125 555 3192 adieci
576 3125 721 3210 tabulas).
767 3125 920 3191 accedunt
954 3125 1017 3192 aha
1045 3129 1187 3212 exempla
1214 3130 1303 3216 velut

193 3227 227 3297 έν
250 3229 382 3296 ἐκθέσει
413 3224 532 3295 τούτων
554 3229 600 3314 (in
631 3229 693 3295 fine
716 3231 853 3314 eorum),
883 3233 938 3295 aut
966 3230 1000 3295 in
1022 3231 1119 3297 schol.
1140 3253 1209 3317 pac
1229 3241 1303 3314 301,

192 3331 361 3423 ῆέκθεσις
381 3327 499 3421 ταύτης
519 3333 678 3421 (διπλῆς),
700 3336 756 3399 aut
775 3334 820 3417 (in
836 3335 933 3399 schol.
956 3355 1003 3408 av.
1021 3337 1099 3421 400)
1122 3333 1155 3400 ἒν
1170 3334 1304 3402 ἐκθέσει
1372 3416 1375 3420 ,

193 3436 229 3503 δέ
265 3440 366 3504 κῶλον
405 3431 574 3522 ἶαμβικόν,
613 3436 681 3504 'alia
716 3439 810 3504 huius
851 3439 972 3523 generis
1008 3440 1182 3543 permulta.¹
1224 3443 1302 3506 haee

282 3669 309 3738 1)
327 3667 369 3721 Cf.
387 3666 460 3722 Plut.
480 3667 546 3730 253,
567 3670 694 3725 εἴσθεσις
713 3665 814 3731 διπλῆς
832 3664 981 3735 ἀμοιβαίας
997 3667 1026 3719 et
1043 3663 1111 3731 302,
1130 3667 1241 3727 ἕκθεσις
1253 3672 1301 3735 τῆς

194 3757 295 3823 διπλῆς
313 3755 488 3828 (ἀμοιβαῖος)
507 3756 535 3808 et
556 3752 652 3807 so'holii
671 3753 722 3808 253
740 3750 822 3806 verba
840 3749 920 3816 haec,
941 3756 1035 3808 ἰστέον
1052 3752 1110 3818 ὅτι,
1130 3750 1176 3806 ὅτε
1193 3758 1302 3808 τίθεται

194 3842 226 3897 ἓν
250 3849 307 3901 τοῖς
331 3842 490 3913 ἀμσιβαίσις
513 3845 569 3896 τῶν
592 3838 748 3912 ίποκριτῶν
772 3835 934 3907 προσώποις
958 3839 989 3893 ἐν
1010 3839 1120 3892 ἐκθέσει
1143 3836 1217 3894 κῶλά
1241 3859 1303 3894 τινα

192 3926 264 3998 μετὰ
283 3926 332 3995 τῆν
349 3926 487 3999 περίοδον
504 3931 560 3981 τῶν
579 3931 684 3994 στίχων
701 3929 750 3978 τοῦ
773 3924 859 3977 αὐτοῦ
883 3928 988 3999 μέτρου
1006 3923 1087 3988 ὄντα,
1114 3923 1130 3991 ἢ
1149 3927 1196 3978 καὶ
1213 3926 1303 4001 ἑτέρου

192 4012 396 4071 ὁτοιοῡτος
419 4009 674 4085 σχηματισμὸς
700 4013 873 4064 καλεῖται
899 4010 1023 4076 διπλῆ,
1050 4008 1145 4063 διὰτὸ
1163 4009 1234 4080 μετὰ
1253 4010 1304 4079 τὴν

193 4098 398 4173 συμπλήρωσιν
415 4096 519 4152 τούτων
536 4096 566 4150 τὸ
587 4102 703 4168 σημεῖον
719 4094 795 4154 ίκτὸς
811 4102 945 4149 τίθεσθαι
963 4099 1009 4163 τῆς
1028 4096 1127 4162 διπλῆς
1147 4125 1182 4136 -
1208 4096 1254 4150 ὅτε
1273 4097 1303 4151 δὲ

194 4187 229 4240 οὐ
247 4191 356 4240 τίθεται
372 4186 446 4239 κῶλα
471 4189 601 4248 τοιαῦτα,
632 4181 690 4236 ἀλλ’
710 4183 740 4235 ἐν
762 4175 804 4240 οἷς
820 4180 935 4254 ἤρξαντο
957 4185 1076 4252 στίχοις,
1105 4182 1136 4235 ἒν
1152 4180 1259 4241 τούτοις
1275 4185 1304 4235 οἱ

192 4272 342 4345 ὑποκριταὶ
362 4269 516 4335 παύονται,
535 4268 573 4322 τὸ
593 4272 738 4322 τοιαῦτα
759 4269 922 4320 καλεῖται
940 4273 1100 4335 κορωνίς,
1119 4265 1167 4321 διὰ
1184 4267 1215 4321 τὸ
1231 4266 1302 4340 μετὰ

192 4358 244 4426 τῆν
261 4357 463 4434 συμπλήρωσιν
478 4353 586 4410 τούτων
602 4355 634 4408 τὸ
653 4361 770 4426 σημεῖον
789 4359 841 4421 τῆς
854 4356 1010 4429 κορωνίδος
1025 4360 1167 4408 τίθεσθαι.

1051 4439 1161 4514 λ”Ὄ
