3134 4984
607 314 714 371 Scholia
731 315 759 369 in
777 331 880 385 paoem.
1265 312 1303 367 89

190 471 228 539 τὸ
260 465 308 538 ιδ’
337 469 449 556 ὅμοιον
484 469 715 561 ἑφθῆμιμερές.
759 463 814 560 ὑφ’
843 463 863 541 δ
889 468 909 562 ἡ
938 468 1003 540 έσω
1027 472 1133 562 διπλῆ
1163 468 1218 538 διὰ
1244 467 1300 560 τῆν

191 569 436 663 ἀνταπόδοσιν.)
1023 565 1026 570 ‚

279 705 476 765 473-484.
524 689 574 783 [[ιό
601 692 734 781 Λάμαχ’
768 689 921 776 ἀδικεῖςι
956 700 1071 786 Διπλῆ
1107 694 1164 763 καί
1196 692 1301 779 στίχοι

191 798 355 890 τρίμετροι
374 798 523 887 ἷαμβικοί
543 797 597 886 ιγ’.
635 799 693 868 έπὶ
714 806 764 890 τῷ
781 801 867 869 τέλει
887 797 1130 892 παράχραφος.]1

278 929 473 994 485-499.
511 916 627 990 Ma:
652 919 728 1010 ῆἭ
745 915 906 1008 ἀμοιβαία
927 920 1005 1011 αὕτη
1025 915 1224 1011 ἀντιστροφῆ
1244 925 1301 1009 τῆς
1348 929 1349 932 ’

192 1022 346 1114 ῥῆθείσῆς
367 1026 439 1094 ἐστὶ
461 1031 618 1117 στροφῆς,
649 1025 703 1094 καί
721 1025 789 1094 εἰσὶ
810 1027 851 1095 τὰ
875 1030 963 1095 κῶλα
987 1027 1043 1095 καὶ
1065 1022 1180 1116 ταύτης
1203 1023 1300 1110 ὅμοια

192 1127 343 1209 ἐκείνοις·Δ
377 1129 411 1200 έν
440 1153 508 1199 τισι
535 1131 571 1199 δὲ
601 1130 655 1198 καί
686 1127 813 1220 ἑτέροις
835 1132 961 1216 δέχεται
990 1131 1098 1211 πόδας
1125 1137 1182 1198 τοῦ
1204 1122 1301 1197 αὐτοῦ

190 1232 309 1321 μέτρου
334 1232 456 1315 1όντας.
491 1235 550 1303 ἐπὶ
573 1242 620 1325 τῷ
640 1236 727 1304 τέλει
748 1233 784 1303 αἱ
809 1229 1047 1327 ἀμφοτέρωθεν
1068 1235 1130 1319 ἔξω
1152 1235 1298 1322 διπλαῖ]

281 1363 475 1424 500-511.
522 1353 660 1446 ῆάνδρες
682 1363 860 1449 Μεχαρῆςε
885 1357 1016 1445 Ἕτερον
1043 1352 1189 1446 σύστημα
1218 1353 1301 1422 κατὰ
1384 1397 1387 1402 -

191 1459 377 1549 περικοπὴν
400 1455 628 1545 ἀνομοιομερὲς
648 1458 804 1546 ἰαμβείων
820 1459 865 1551 η’.
887 1461 942 1530 καὶ
964 1460 998 1530 ἓν
1022 1460 1170 1534 είσθέσει
1192 1459 1299 1547 ἕτερον

191 1558 362 1647 ἀμοιβαῖον
381 1562 497 1647 στίχων
517 1560 637 1649 ὁμοίων
658 1569 898 1656 καταληκτικῶν
917 1565 1138 1655 τετραμέτρων
1161 1568 1181 1632 δ
1187 1565 1203 1633 ’.
1241 1562 1300 1631 ἐπὶ

191 1671 264 1747 ταῖς
284 1661 473 1735 ἀποθέσεσι
496 1665 740 1759 παροίχραφοςῆ
978 1757 980 1760 ¹

280 1796 475 1857 512—519.
520 1786 577 1875 ι’ίχε
609 1796 694 1859 νῦνε
726 1791 903 1878 ῆΚορωνίς
936 1790 991 1857 καί
1029 1786 1178 1869 είσθεσις
1203 1793 1300 1875 χοροῦ

190 1893 432 1983 μονοστροφικῆ
457 1890 568 1961 κώλων
591 1894 634 1984 η’.
679 1887 722 1961 ὧν
751 1892 867 1978 τὸμὲν
889 1889 925 1959 α’
955 1887 1173 1983 ἀναπαιστικῆ
1193 1893 1300 1979 βάσις.

191 1995 229 2064 τὸ
249 1996 393 2086 δεύτερον
414 1995 526 2082 ὅμοιον
548 1996 707 2086 δίμετρον.
744 1998 786 2065 τὰ
807 1994 849 2086 γ’,
872 1996 915 2081 δ’,
940 1997 975 2078 ς’
998 1996 1133 2083 ίαμβικδι
1155 1995 1299 2083 δίμετρα.

191 2100 230 2167 τὸ
252 2096 283 2168 ε’
304 2098 419 2185 δμοιον
442 2098 675 2192 ἑφθημιμερές.
696 2101 735 2171 τό
757 2098 789 2183 ζ’
811 2101 989 2169 παιωνικδν
1008 2100 1179 2190 τρίμετρον
1200 2099 1300 2189 ὑπερ-

191 2200 388 2294 κατάληκτον
408 2205 444 2273 έκ
469 2204 734 2292 παλιμβακχείων
757 2204 812 2272 καὶ
833 2211 999 2296 κρητικῶν.
1038 2206 1076 2275 τδ
1096 2201 1128 2295 η’
1150 2203 1300 2294 δίμετρον

191 2306 470 2399 όπερκατάλῆκτον
494 2309 614 2396 ὅμοιον.
647 2303 700 2400 ὑφ’
723 2306 741 2377 δ
764 2309 929 2398 κορωνίςῆ]

280 2438 477 2498 520-570.
523 2424 577 2518 [[ιδ
605 2427 756 2498 πότνιαι
789 2427 950 2509 Εἴσθεσις
977 2432 1097 2519 διπλῆς
1125 2423 1301 2515 ἀμοιβαίας

192 2530 308 2617 στίχων
331 2533 396 2601 να’.
441 2527 484 2600 ὧν
508 2531 539 2601 οί
558 2534 617 2619 μέν
637 2530 690 2621 λγ’
714 2532 864 2619 ἰαμβικοὶ
887 2530 1052 2622 τρίμετροι
1074 2526 1299 2623 ἀκατάλῆκτοι.

192 2633 224 2703 οἳ
244 2636 281 2704 δέ
301 2633 374 2726 ἑξῆς
394 2637 440 2727 ιη’
463 2637 628 2726 τροχαϊκοὶ
649 2633 859 2727 τετρόμετροι
888 2634 1125 2727 καταληκτικοί.
1149 2636 1207 2703 έπί
1229 2642 1303 2717 ταῖς

192 2737 381 2808 ἀποθέσεσι
401 2738 624 2832 παράχραφος.
646 2741 705 2808 έπὶ
728 2741 764 2808 δέ
784 2745 832 2829 τῷ
852 2740 938 2808 τέλει
960 2737 978 2831 ῆ
1000 2738 1061 2822 ἔξω
1081 2744 1211 2831 διπλῆῆ
1257 2737 1262 2752 ’

280 2871 390 2930 571-
404 2870 476 2930 581.
522 2862 599 2949 [VH
615 2861 749 2942 έκθεσις
770 2863 850 2953 αὕτη
872 2866 930 2951 τῆς
951 2864 1069 2952 διπλῆς
1089 2858 1198 2930 κώλων
1213 2862 1301 2930 ἐστίν

191 2965 312 3052 ὁμοίιον
340 2971 515 3054 τροχαῖκιδν
538 2962 593 3033 ια’.
636 2959 682 3032 ὦν
710 2966 747 3035 τὸ
770 2963 803 3056 ρ’
828 2962 1039 3053 μονόμετρον,
1072 2966 1114 3033 τδι
1141 2968 1177 3035 δὲ
1198 2965 1302 3036 λοιπὰ

191 3069 326 3158 δίμετρα
346 3064 559 3159 ἀκατάληκτα.
601 3069 844 3139 τὸτελευταῖον
872 3067 1102 3160 ἓφθημιμιρές.
1148 3068 1201 3161 ὑφ’
1225 3067 1243 3137 δ
1265 3069 1301 3140 αἱ

191 3171 428 3266 ἀμφοτέρωθεν
451 3172 514 3255 ἔξω
536 3177 681 3262 διπλαῖῆ]
1250 3261 1252 3266 ¹

280 3304 474 3364 582-650.
517 3300 622 3383 χαῖρε,
656 3290 739 3384 χαῖρ’
767 3289 795 3361 ὦ
824 3292 992 3384 φίλτατοι
1031 3295 1206 3384 [[Κορωνίς
1243 3296 1300 3364 καὶ

190 3398 340 3480 είσθεσις
359 3404 456 3487 χοροῦ
478 3400 719 3489 μονοστροφικῆ
743 3394 855 3466 κώλων
878 3395 946 3466 κα’.
980 3393 1024 3466 ὧν
1045 3400 1087 3467 τὰ
1109 3396 1153 3483 α’,
1188 3395 1232 3482 ζ’,
1254 3400 1301 3468 ιε’

190 3505 346 3593 τροχαῖκδι
368 3501 585 3594 ἑφθῆμιμερῆ.
608 3504 649 3570 τὰ
669 3508 716 3589 β’,
738 3500 781 3586 ς’,
806 3500 853 3571 ιδ’
876 3501 1011 3592 δίμετρα
1026 3497 1237 3593 ἀκατάληκτα.
1260 3504 1303 3571 τὰ

190 3605 236 3698 μ’,
259 3608 292 3700 η’
317 3606 434 3694 ὅμοια,
460 3605 584 3675 Ἰωνικὰ
612 3606 722 3689 μέντοι
744 3600 814 3674 ἀπὸ
834 3605 986 3693 μείζονος.
1029 3608 1071 3674 τοὶ
1095 3603 1138 3690 δ’,
1168 3604 1219 3692 θ’,
1252 3604 1300 3698 ιη’

191 3713 367 3782 δακτυλικά
396 3718 632 3802 πενθημιμερῆ.
675 3711 717 3778 τοὶ
740 3712 782 3795 τ’,
804 3711 864 3795 ια’,
896 3707 955 3796 ιβ’,
977 3708 1035 3795 ις’,
1060 3712 1104 3795 ιζ’
1137 3713 1300 3780 παιωνικδι

190 3815 326 3906 δίμετρα
349 3813 559 3905 ἀκατάληκτα.
602 3815 641 3884 τὸ
662 3812 691 3883 ι’
714 3813 844 3900 ὅμοιον,
866 3814 1017 3901 ἰαμβικὸν
1038 3815 1157 3901 μέντοι.
1190 3815 1228 3883 τό
1253 3812 1300 3903 ιμ’

190 3919 370 3988 παιωνικδν
388 3917 621 4009 ἓφθημιμερές.
646 3918 684 3986 τό
707 3915 761 3987 ιθ’
787 3912 1023 3988 ἀναπαιστικόν
1047 3917 1197 4007 δίμετρον
1220 3914 1301 3986 ἀκα-

190 4021 356 4114 τάληκτον.
382 4022 420 4094 2ό
437 4024 481 4107 κ’,
505 4022 560 4090 κα’
585 4024 620 4091 έν
640 4023 773 4094 ἐκθέσει
794 4022 900 4108 στίχοι
921 4023 986 4091 εἰσί
1005 4023 1170 4112 τροχαϊκοί
1189 4024 1301 4112 τετρά-

189 4153 303 4216 μετροι
327 4127 554 4218 καταλῆκτικοί
581 4125 691 4213 ὅμοιοι
721 4134 792 4208 τοῖς
821 4127 854 4195 έν
879 4135 918 4219 τῆ
940 4126 1087 4195 εἶσθέσει
1108 4133 1165 4218 τῆς
1183 4130 1315 4218 διπλῆςΔ

280 4343 295 4398 l
315 4340 394 4399 ὄντος
498 4342 516 4396 2
533 4337 547 4392 ὁ
565 4335 606 4406 κ’,
622 4336 680 4391 ια’.
698 4338 729 4392 ἐν
