3134 4984
606 294 714 351 Scholia
730 294 759 349 in
777 295 889 365 equites.
1057 338 1058 341 η
1266 296 1301 351 57

193 480 308 544 μετρον
331 447 568 541 ἆκατοίλῆκτον,
604 453 743 537 [μᾶλλον
764 451 801 519 δέ
826 450 1036 541 τετράμετρον
1062 450 1303 541 βραχυκατιίλῆ-
1369 478 1371 480 ’

195 585 270 626 κτον
299 562 357 625 τοῦ
393 551 427 639 ς’
459 554 565 635 ποδὸς
593 551 804 645 τριβροίχεος].
851 556 890 624 τὸ
914 551 1060 644 δεύτερον
1089 555 1124 623 έν
1156 552 1304 623 είσθέσει

196 661 374 731 παιωνικδν
394 656 638 748 τετράρρυθμον
659 655 680 749 ἢ
700 658 913 749 τετράμετρον
942 657 1091 748 καθαρὸν
1112 662 1303 746 καταληκτι-

196 762 267 846 κόν,
296 765 338 832 τὰ
366 763 403 833 δέ
426 766 529 831 λοιπὰ
560 762 593 830 ἓν
623 760 770 831 εἰσθέσει
799 764 837 832 τδ
859 760 893 851 y'
917 761 1095 832 παιωνικδν
1122 760 1304 852 δίρρυθμον

196 869 290 961 [ῆτοι
325 867 475 956 δίμετρον
510 865 739 957 καταλῆκτικδν
776 859 852 934 οίντί
887 864 1033 947 παίωνος
1059 864 1197 935 Ἰωνικὸν
1233 862 1302 934 ἀπὸ

195 972 341 1059 μείζονος
363 970 458 1057 &ott
502 970 540 1037 τδ
564 968 598 1037 δ’
619 969 788 1058 τροχαῖκδν
817 967 1049 1060 ἓφδῆμιμερές.
1089 970 1127 1039 τὸ
1150 971 1304 1056 πέμπτον
1384 1020 1387 1027 -

197 1076 376 1145 παιανικὸν
395 1071 574 1164 δίρρυδμον
598 1070 830 1163 [α’κατυίλῆιτον
852 1073 889 1142 ἐκ
910 1079 1091 1164 κριμικῶν].
1114 1074 1153 1142 τὸ
1175 1075 1207 1156 ς’
1228 1100 1304 1164 τρο-

190 1181 306 1264 χαϊκὸν
326 1176 494 1268 τρίμετρον
517 1174 746 1266 ἆκατοίληκτον.
775 1176 814 1246 τδ
837 1174 867 1261 ζ’
888 1174 1016 1263 ὅμοιον,
1043 1178 1099 1246 καί
1116 1179 1154 1246 τδ
1175 1176 1210 1267 η’
1229 1203 1304 1267 τρο-

190 1284 306 1369 χαϊκδν
327 1280 560 1373 έφδῆμιμερές.
600 1281 678 1367 [ἐπὶ
697 1289 744 1370 τῷ
766 1281 851 1350 τέλει
873 1287 929 1373 τῆς
950 1282 1009 1367 μέν
1029 1289 1173 1373 στροφῆς
1195 1281 1305 1369 παροί-

192 1412 316 1477 μραφος
346 1386 402 1454 καί
424 1389 527 1476 διπλῆ
558 1383 623 1454 έσω
651 1391 828 1467 νενευκυῖα,
866 1392 924 1476 τῆς
943 1386 979 1454 δέ
1008 1379 1226 1477 ἀποστροφῆς
1247 1384 1303 1453 δύο

193 1492 327 1572 διπλαῖ,
363 1489 383 1579 ῆ
410 1489 468 1575 μέν
496 1489 529 1556 δν
560 1483 639 1580 ἄρχῆ
669 1495 727 1556 τοῦ
756 1486 876 1574 κώλου,
912 1487 932 1580 ῆ
961 1489 998 1558 δέ
1031 1492 1113 1558 κατὰ
1144 1491 1182 1560 τδ
1201 1489 1303 1574 τέλος,

192 1591 373 1685 ἀμφότεραι
391 1590 453 1675 ἔξω
474 1598 671 1680 νενευκυῖαι]

283 1724 477 1782 624-682.
521 1713 577 1781 καὶ
602 1713 692 1803 μήτε
726 1711 795 1800 [Ἡ
818 1715 990 1804 περιοδικῆ
1020 1713 1098 1804 αἵτῆ
1127 1714 1182 1782 καί
1207 1740 1304 1800 μονο-

193 1819 350 1909 στροφικῆ
370 1815 520 1896 είσθεσις
539 1822 599 1884 τοῦ
621 1814 796 1906 ὑποκριτοῦ
818 1818 1028 1909 διηγῆματικῆ
1049 1818 1153 1903 ἔστιν,
1177 1817 1215 1886 ἐκ
1238 1817 1305 1886 στί-

190 1950 255 2007 χιον
277 1922 438 2008 ίαμβικῶν
459 1920 636 2010 τριμέτρων
658 1915 885 2011 ἆκαταλῆκτων
904 1918 971 1990 vt‘.
999 1915 1042 1988 ὧν
1062 1926 1245 2003 τελευταῖος

402 2045 502 2113 ὀβολοῦ
521 2042 678 2118 κοριάννοις
697 2042 844 2112 ἀναλαβών
865 2043 996 2111 ἐλήλυθα.

194 2146 254 2214 ε’πί
275 2152 322 2235 τῷ
344 2144 430 2213 τέλει
451 2144 687 2234 παροίγραφος.]

283 2277 345 2336 691
356 2308 397 2316 -
408 2275 481 2335 755.
526 2265 582 2332 καὶ
601 2266 665 2356 μὴν
680 2264 698 2333 ὁ
714 2265 926 2356 Παφλαγοίντ
948 2268 1062 2356 Διπλῆ
1085 2264 1142 2334 καί
1158 2263 1307 2346 εἴσδυσις

194 2368 242 2452 είς
270 2368 405 2455 ἰάμβους
439 2369 627 2458 τριμέτρους
660 2366 901 2459 δκαταλῆκτους
928 2366 988 2453 ξε’.
1034 2368 1112 2457 [ἐπὶ
1144 2373 1190 2458 τῷ
1220 2368 1306 2436 τέλει

194 2473 349 2563 κορωνίς]

284 2603 480 2665 756-823.
526 2600 598 2680 [νῦν
617 2597 668 2662 δεῖ
690 2618 751 2662 σεε
784 2593 932 2683 Κορωνὶς
953 2594 1009 2662 καί
1031 2590 1181 2673 είσθεσις
1198 2600 1305 2687 χοροῦ,

194 2697 341 2789 ἐπριδικῆ
359 2697 419 2783 μέν
447 2700 502 2766 διὰ
523 2699 561 2765 τδ
582 2699 665 2784 μετὰ
688 2697 745 2787 τὴν
768 2696 927 2786 κορωνίδα
959 2703 1111 2764 κεῖσθαι·
1144 2698 1306 2787 μεσῳδικῆ

195 2803 231 2870 δέ
254 2801 309 2870 διὰ
337 2802 376 2870 τὸ
403 2797 477 2892 ἑξῆς
498 2799 691 2888 εἰσάγεσθαι
712 2798 824 2890 ἑτέραν
846 2802 966 2890 διπλῆν
991 2800 1028 2868 ἐκ
1061 2797 1179 2883 στίχων
1199 2800 1306 2868 πέντε.

196 2899 240 2972 ὧν
262 2903 293 2973 οί
316 2905 375 2991 μὲν
404 2909 490 2993 τρεῖς
511 2901 720 2994 δουνάρτῆτοι
742 2903 778 2985 ἕξ
795 2902 948 2990 ίαμβικοῦ
972 2904 1122 2991 διμέτροο
1144 2898 1307 2994 οίκαταλῆ-

196 3034 273 3077 κτου
294 3015 352 3077 τοῦ
373 3008 570 3092 καλουμένου
597 3005 858 3095 Ἀνακρεοντείου
886 3006 941 3074 καί
960 3011 1131 3095 τροχαϊκοῦ
1162 3005 1308 3098 ίθυφαλ-

196 3116 286 3181 tamt
301 3121 358 3181 τοῦ
374 3110 568 3196 καλουμένου
587 3103 814 3199 Ἀρχιλοχείου.
836 3113 984 3178 καλεῖται
1001 3110 1152 3178 δὲταῦτα
1168 3104 1307 3200 δσυνοίρ-

196 3243 276 3308 τητα
296 3214 498 3306 Εὐριπίδεια.
533 3212 620 3282 1εἶσὶ
641 3215 701 3303 γὰρ
724 3211 823 3300 ὅμοια
844 3221 891 3303 τῷ
913 3204 1092 3301 Εὐριπίδου

404 3339 470 3406 ἑῷος
487 3334 558 3406 ἡνίχ’
578 3333 697 3402 ἱππότης
716 3337 870 3406 ἐξέλαμψεν
889 3331 981 3407 ἀστήρ.

197 3438 230 3508 σί
250 3441 287 3508 δέ
308 3436 379 3529 ἑξῆς
400 3438 457 3506 δύο
480 3435 630 3522 ίαμβικοὶ
648 3433 857 3526 τετράμετροι
883 3434 1120 3525 καταλῆκτικοί.
1165 3431 1255 3504 ἐἶτα
1275 3437 1309 3504 ἓν

197 3545 330 3612 ἐκθέσει
366 3541 437 3612 ἐστί
468 3542 505 3608 τὸ
541 3538 673 3626 ἔθιμον,
717 3543 819 3630 διπλῆ
857 3537 1061 3619 ἀνάπαιστος
1097 3536 1308 3629 τετράμετρος

198 3644 420 3737 καταλῆκτικῆ.
465 3639 518 3733 ὑφ’
548 3638 568 3713 δ
600 3639 835 3732 8παρυίγραιρος
863 3645 979 3733 διπλῆ,
1017 3642 1074 3709 καὶ
1105 3639 1178 3733 ἑξῆς
1203 3641 1309 3726 στίχοι

198 3749 320 3837 ὁμοίιος
344 3746 405 3836 ξγ’.
437 3746 487 3838 ἐφ’
515 3738 559 3814 ὧν
579 3751 626 3835 τῷ
647 3746 732 3815 τέλει
756 3743 915 3836 κορωνίς]

288 3970 303 4023 1
323 3966 365 4020 Cf.
384 3964 472 4034 Heph.
493 3980 549 4032 cap.
568 3962 625 4017 XV.
720 3963 738 4015 2
755 3961 846 4016 Verba
863 3961 929 4017 haec
945 3960 1147 4031 corruptissima
1164 3952 1311 4016 scholiasta

199 4055 291 4123 inepte
307 4049 478 4119 transcripsit
501 4064 533 4101 ex
554 4050 642 4103 vetere
660 4047 767 4104 scholio.
805 4048 876 4116 apud
894 4047 1068 4102 Heliodorum
1092 4049 1183 4101 autem
1199 4044 1310 4116 legeba-

197 4144 243 4195 tur
261 4141 386 4206 δίστιχος
404 4156 429 4190 α.
449 4156 472 4192 τ.
492 4133 707 4201 καταίνμιτικός,
731 4134 765 4188 cf.
785 4138 986 4207 κωλομετρίαν.
1091 4134 1109 4188 3
1126 4129 1311 4207 παράγραῆιος

199 4227 284 4292 διπλῆ
303 4224 336 4278 cf.
350 4223 402 4277 973
407 4262 416 4292 ‚
432 4220 480 4276 ubi
497 4220 598 4290 legitur
616 4217 800 4293 παράγραφοι
820 4221 910 4272 ἁπλαῖ
921 4220 967 4288 (<
978 4221 1007 4275 et
1018 4220 1072 4289 -).
1109 4219 1213 4291 ὁμοίως
1227 4219 1310 4273 etiam

198 4313 228 4367 in
244 4313 334 4367 vetere
354 4308 454 4366 scholio
471 4307 612 4379 legebatur
632 4306 690 4362 soil.
709 4308 872 4379 ἐκκείμενον.
