3134 4984
592 317 700 374 Scholia
715 319 745 374 in
762 335 863 389 pacem.
1247 319 1283 377 93
1347 405 1354 412 .

173 476 333 544 παιστικδι
375 474 474 543 1δέκα
503 474 741 562 ε’πιμεμιμμένα
779 479 1125 567 προκελευσματικοῖς,
1162 471 1283 543 τούτων

178 580 236 648 ’δὲ
258 579 301 647 τὰ
329 579 389 665 μὲν
417 575 553 669 δίμετροί
573 577 656 646 εἰσιν
681 573 904 669 οἰκατιίληκτα,
940 580 983 647 τὰ
1010 582 1030 647 δ
1036 573 1045 599 '
1075 577 1282 670 ἓφθημιμερῆ

173 684 228 750 καὶ
253 679 381 770 βάσεις,
422 683 503 767 μετὰ
534 682 571 749 δὲ
602 689 705 749 ταῦτα
735 680 871 769 ἰαμβεῖα
901 683 920 764 ζ
925 679 943 751 ’.
988 687 1045 773 τῆς
1073 684 1109 750 δὲ
1136 683 1285 772 δευτέρας

174 794 319 877 στροφῆς
340 787 380 853 τδι
404 788 492 853 κῶλα
514 783 604 875 τρία,
633 779 676 853 ὧν
699 786 736 854 τδ
759 787 820 871 μὲν
842 791 973 874 πρῶτον
993 783 1160 871 ἰαμβεῖον,
1185 786 1227 853 τὰ
1249 779 1283 853 δ’

173 889 255 959 ἰίλλα
276 885 519 972 οἰναπαιστικοί,
558 889 691 978 δίμετρα
712 890 771 976 μὲν
792 888 905 980 ἰίμφω,
942 889 979 957 τδ
1005 889 1042 957 δέ
1065 915 1117 957 τοι
1139 889 1285 977 δεύτερον

174 989 414 1084 καταλῆκτικόν.
444 991 462 1063 δ
485 990 559 1082 ἑξῆς
581 999 639 1061 τοῦ
657 990 836 1082 ὑποκριτοῦ
862 991 971 1077 στίχος
993 992 1147 1079 ἰαμβικὸς
1167 989 1282 1082 τετρά-

173 1124 289 1188 μετρος
310 1097 552 1187 καταλῆκτικός.
593 1103 652 1186 τῆς
673 1097 784 1186 τρίτης
805 1102 947 1188 στροφῆς
971 1097 1012 1164 τὰ
1033 1099 1123 1164 κῶλα
1143 1089 1286 1164 οἰναπαι-

175 1203 270 1273 στικδ
302 1203 445 1291 τέσσαρα
477 1201 562 1290 πλὴν
594 1207 652 1269 τοῦ
683 1198 867 1268 τελευταίου
898 1193 1108 1291 οἰκατοίληκτα.
1152 1198 1183 1270 οῖ
1214 1198 1287 1291 ἑξῆς

174 1300 276 1385 αὖθις
291 1312 349 1373 τοῦ
369 1304 547 1394 ὑποκριτοῦ
567 1302 717 1389 ἰαμβικοὶ
737 1300 948 1392 τετράμετρον
970 1302 1206 1394 καταληκτικοί.
1228 1313 1287 1395 τῆς

175 1411 211 1477 δὲ
230 1406 386 1499 τετάρτης
407 1415 549 1499 στροφῆς
568 1407 610 1474 τὰ
631 1411 720 1475 κῶλα
740 1401 860 1474 Ἰωνικὰ
880 1406 951 1478 οἰπδ
975 1407 1120 1494 μείζονος
1143 1409 1185 1493 ς’,
1210 1409 1286 1476 ε’πι-

172 1512 351 1599 μεμιγμένα
389 1510 515 1579 παίωσι
550 1511 605 1579 καὶ
645 1516 824 1600 κρητικοῖς,
863 1508 1070 1602 οἰκατιίλῆκτα
1107 1512 1191 1601 πλὴν
1227 1518 1288 1579 τοῦ

175 1616 331 1703 πέμπτου
352 1619 583 1705 καταλῆκτικοῦ
605 1616 738 1683 καὶτοῦ
761 1615 797 1696 ς’
818 1612 976 1706 ῆμιολίον.
1004 1615 1057 1705 ὑφ’
1081 1609 1154 1684 δοῖ
1177 1610 1287 1705 οἰμφο-

175 1719 319 1810 τέρωθεν
341 1717 403 1802 ἔξω
422 1721 548 1791 διπλαῖ.
592 1718 809 1787 τιθέσθωσαν
836 1720 872 1788 δὲ
901 1716 962 1787 κιίν
984 1725 1058 1799 ταῖς
1080 1712 1286 1787 οἰποθὲσεσιν

176 1820 212 1889 αῖ
233 1823 474 1913 παράγραφοι.ῆ

267 1936 506 1995 1039-1126.
557 1926 652 1994 ταυτὶ
689 1926 842 2016 δέδραται
873 1951 881 1996 :
919 1926 1086 2017 [Κορωνὶς
1121 1923 1287 1995 εἰσιόντων

176 2028 294 2119 ἑτέρων
321 2028 516 2118 ὑποκριτῶν.
561 2026 593 2097 οῖ
623 2030 659 2098 δὲ
690 2029 796 2114 στίχοι
823 2029 888 2098 εἰσί
911 2031 980 2115 πζ’,
1018 2024 1062 2098 ὦν
1090 2028 1123 2099 οῖ
1150 2030 1210 2116 μὲν
1231 2027 1286 2098 κδ’

176 2133 326 2222 ἰαμβικοῖ
362 2133 528 2224 τρίμετροι
564 2127 798 2225 οἰκατοίλῆκτοι,
840 2132 871 2202 οῖ
909 2132 981 2226 ἑξῆς
1012 2131 1072 2220 μα’
1102 2133 1288 2203 δακτυλικοῖ

175 2237 354 2327 ἑξάμετρα.
378 2237 451 2329 ἑξῆς
471 2238 591 2307 τούτων
613 2242 715 2307 κῶλον
735 2237 848 2324 ὅμοιον
870 2239 906 2306 ἐκ
928 2238 1120 2307 σπονδείων.
1162 2235 1192 2306 οῖ
1216 2236 1289 2329 ἑξῆς

175 2343 254 2411 δέκα
277 2342 462 2411 δακτυλικοὶ
483 2339 658 2432 ἓξάμετροι.
680 2340 757 2427 μεθ’
789 2338 843 2423 οῖς
865 2341 997 2431 ἰαμβεῖα
1025 2339 1088 2430 ιβ’,
1117 2336 1160 2411 ὧν
1181 2346 1288 2411 τελευ-

176 2452 271 2514 ταῖον
298 2443 319 2530 ’,,
328 2444 384 2514 οὐκ
416 2447 623 2537 α’ποπετῆσει
654 2453 778 2515 θᾶττον
809 2445 856 2528 εἰς
885 2441 1079 2533 Ἐλίμνιον.“
1124 2446 1184 2514 ἐπὶ
1217 2453 1289 2526 ταῖς

177 2544 366 2619 οἰποθέσεσι
388 2547 612 2640 παράγραφος.
649 2551 707 2618 ἐπὶ
729 2558 776 2640 τῷ
798 2552 883 2620 τέλει
906 2551 1064 2640 κορωνίς.]

268 2681 507 2742 1127-1158.
559 2672 728 2763 [ῆδομαιε
762 2671 941 2740 Κάνταῦθα
970 2670 1207 2759 παράβασίς’
1190 2697 1287 2756 εστιν,

177 2769 248 2844 ἀλλ’
271 2769 328 2844 οἰκ
351 2774 415 2860 ἔχει
438 2777 549 2843 πάντα
569 2777 610 2843 τὰ
629 2777 727 2868 μέρη,
755 2774 855 2863 μόνην
876 2777 968 2845 δὲ
933 2804 990 2867 τῆν
1014 2770 1097 2867 φδῆν
1118 2778 1172 2844 καὶ
1193 2800 1290 2864 στρο-
1357 2778 1360 2783 ‘

176 2882 256 3004 φῆν,
295 2882 333 2948 τὸ
355 2879 532 3007 ἕπίρρῆμα,
569 2882 627 2970 τὴν
655 2875 798 2971 ἅντφδῆν
825 2881 880 2950 καί
905 2873 1193 3007 οἰντιστροφήν,κ
1173 2881 1230 2949 καί
1250 2880 1289 2948 τὸ

176 2979 364 3110 οἰντεπίρρῆμ
351 3011 407 3069 μα.
445 2983 516 3053 ε’στι
538 2991 611 3072 γοῦν
634 2991 692 3074 τῆς
713 3007 878 3073 παρουσης
900 2981 986 3076 ᾠδῆς
1008 2984 1063 3052 καί
1084 2992 1227 3075 στροφῆς
1248 2986 1289 3052 τὰ

177 3092 268 3156 κῶλα
288 3085 343 3176 ιμ’.
386 3088 428 3155 τὰ
449 3085 494 3172 α’,
518 3088 559 3156 θ’
579 3090 776 3176 χοριαμβικὰ
804 3084 944 3179 ῆμιόλια.
987 3089 1029 3156 τὰ
1056 3090 1102 3174 β’,
1125 3088 1235 3176 y''‚‚d
1258 3089 1290 3156 ε’

177 3191 277 3277 ὅμοια
297 3142 506 3282 ἓφθημιμερῆ
529 3192 566 3273 ἒξ
587 3190 771 3281 ἐπιτρίτων.
810 3192 847 3261 τὸ
873 3193 909 3275 ς’
931 3186 1185 3262 οἰντισπαστικὸν
1207 3196 1289 3261 Γλυ-

178 3297 320 3365 κώνειον.
364 3297 402 3365 τδ
431 3293 460 3379 ζ’
494 3295 607 3382 ὅμοιον
637 3296 933 3387 ὑπερκατοίλῆκτον.
977 3297 1015 3365 τὸ
1045 3297 1080 3387 η’
1111 3297 1290 3365 παιωνικδν

177 3400 330 3490 δίμετρον
350 3393 578 3491 οἰκατοῖληκτον.
600 3401 641 3467 τὰ
663 3401 700 3485 τ’,
723 3397 774 3469 ια’
797 3402 950 3489 τροχαϊκὰ
971 3401 1105 3490 δίμετρα
1125 3404 1289 3493 ἀκαταλη-

178 3524 255 3570 κτα·
285 3504 327 3570 τὰ
350 3504 411 3591 γὰρ
439 3505 545 3571 λοιπὰ
568 3500 788 3595 ἑφθῆμιμερῆ.
807 3506 846 3573 τὸ
868 3507 1047 3573 τελευταῖον
1075 3505 1289 3596 παραμραφέ-

178 3613 272 3691 σθω,
294 3606 350 3674 καί
371 3614 410 3697 τῇ
434 3604 499 3674 ἔσω
520 3609 622 3697 διπλῆ
646 3605 863 3698 σῆμειούσθω.
892 3617 931 3699 τῇ
955 3602 1035 3700 αὐτῇ
1055 3611 1112 3678 καὶ
1134 3610 1172 3677 τὸ
1194 3608 1290 3698 ἐπίρ-

179 3737 273 3801 ρημα.
319 3717 414 3778 τοῦτο
443 3711 479 3778 δὲ
506 3714 601 3801 δῆλον
624 3709 668 3791 ὡς
688 3717 868 3800 τροχαῖκαῖν
897 3712 966 3779 ἐστὶ
988 3714 1211 3801 τετραμέτρων
1232 3714 1289 3797 ις’,

177 3813 252 3898 ἐῆον
282 3815 339 3881 καὶ
368 3813 404 3880 ἐν
429 3814 562 3882 ἐκθέσει
590 3818 677 3882 κοῖλα
713 3814 812 3900 ὅμοια
839 3814 929 3905 τρία,
970 3818 1054 3907 πλὴν
1087 3822 1143 3884 τοῦ
1171 3815 1289 3904 τρίτου,

178 3917 314 4007 δίμετρα
337 3915 549 4009 οἰκατοῖληκτα.
594 3916 748 3999 ὡσαύτως
774 3919 812 3987 δὲ
834 3919 889 3986 καί
911 3919 950 3987 τὸ
971 3917 1203 4009 οἰντεπίρρῆμα.
1237 3917 1290 4010 ὕφ’

180 4015 276 4045 nt)

178 4049 198 4092 ο
220 4049 239 4111 ῆ
261 4022 325 4103 εξω
344 4025 468 4112 διπλῆ]

179 4338 192 4390 ἑ
267 4248 341 4308 ΙΙιι
364 4265 473 4307 numero
497 4248 561 4309 fort.
583 4252 701 4309 erratum
724 4250 839 4311 videtur.
962 4249 1036 4308 Μ’
1060 4249 1288 4326 βμετ-δ’δ’

192 4344 285 4411 νειμ·
760 4375 762 4380 ·
827 4365 834 4382 ·
