3134 4984
282 289 332 344 120

282 450 599 532 ..·„pentssemum
628 449 698 527 fist,
736 466 870 532 sequens
896 466 970 513 vero
1001 448 1181 532 heptasemo
1209 448 1393 514 subsistat.“

284 554 311 619 si
335 554 455 632 omnis,
488 572 566 636 quse
590 551 685 617 attuli
706 552 892 636 argumente
914 551 1091 630 deessent,·
1105 572 1204 617 unum
1225 553 1284 617 hoc
1303 552 1393 636 freg-

283 660 439 735 mentum,
469 656 551 740 quod
581 655 738 721 invenitur
763 656 797 720 in
819 655 916 720 schol.
937 655 1109 738 Hephaest
1140 655 1225 735 (edit.
1247 656 1392 738 Westph.

282 783 311 847 p.
330 764 383 839 77)
405 760 562 826 sufficeret
591 759 822 838 demonstrare,
859 759 968 826 vetera
989 759 1109 824 scholia
1131 758 1301 826 Heliodoro
1325 778 1393 825 esse

283 865 465 944 tribuenda,
498 856 702 948 Ἡλιόδωρος
730 861 768 949 δή
794 882 876 949 φησι
898 858 1036 943 κοσμίαν
1058 854 1142 927 εἶναι
1164 867 1229 927 τῶν
1250 863 1394 928 παιωνί-

283 971 347 1033 κῶν
374 965 457 1032 κατὰ
487 961 577 1031 πόδα
605 960 718 1054 τομήν,
756 962 888 1052 ὅσωςὴ
915 957 1098 1042 ἀνάπαυσις
1123 966 1257 1032 διδοῦσα
1277 963 1395 1053 χρόνον

282 1066 459 1158 ἓξασήμοος
479 1068 538 1148 τὰς
558 1065 672 1152 βάσεις
693 1073 775 1157 ποιῇ
796 1067 850 1134 καὶ
872 1064 1032 1156 ἰσομερεῖς
1054 1064 1098 1145 ὡς
1118 1067 1178 1146 τὰς
1198 1063 1306 1147 ἄλλος.
1342 1070 1395 1136 his

283 1178 382 1262 igitur
415 1196 452 1241 ex
489 1176 606 1254 verbio,
645 1173 853 1242 Heliodorum
891 1175 963 1259 post
994 1176 1247 1257 unumquemque
1279 1173 1396 1257 pedem

283 1282 368 1348 fecta
397 1279 564 1359 incisione,
601 1278 742 1363 singulos
774 1279 869 1363 pedes
902 1297 964 1343 non
999 1272 1226 1364 πεντασήμοος
1262 1277 1318 1343 sed
1344 1280 1396 1367 ob

285 1378 521 1464 ,,ο1νάνσαοσιν“
545 1377 721 1470 ἓξασήμοος
743 1402 811 1449 esse
828 1384 1006 1461 docentem,
1028 1384 1088 1449 hoc
1106 1385 1243 1448 metrum
1263 1385 1396 1466 paeoni·

285 1510 357 1556 cum
376 1489 520 1554 habuisse
549 1488 748 1571 rhythmum,
786 1487 878 1552 facile
901 1487 1008 1571 colligi
1039 1489 1153 1570 potest.
1198 1487 1397 1553 conferentes

285 1613 357 1660 cum
378 1593 434 1658 illo
456 1592 620 1658 Heh0dori
640 1591 947 1676 fragmentorum,
972 1610 1049 1676 quse
1072 1593 1197 1658 exstant
1216 1592 1299 1675 apud
1316 1591 1397 1657 Dio·

283 1698 406 1764 medem
427 1697 488 1778 (ad.
512 1696 609 1762 Gaisf.
631 1717 659 1779 p.
674 1701 750 1775 484)
770 1698 866 1761 haec:
897 1744 915 1775 „
924 1696 1195 1780 elegantissimum
1215 1698 1264 1762 est
1285 1696 1396 1780 igitur,

286 1822 356 1869 oum
384 1822 440 1886 per
464 1800 605 1885 singulos
632 1801 725 1885 pedes
761 1819 854 1884 pers
893 1798 1097 1864 orationis
1132 1800 1398 1883 impleatur,“

286 1906 396 1973 deinde
415 1907 537 1984 autem,
561 1926 639 1989 quse
660 1906 810 1990 leguntur
826 1904 908 1989 apud
923 1904 1062 1969 Marium
1077 1905 1275 1969 Victorinum
1294 1925 1324 1987 p.
1338 1911 1398 1971 87:

285 2009 403 2093 (plures
431 2010 599 2075 incisiones
633 2009 666 2072 et
700 2026 787 2087 eum,
825 2026 904 2090 quae
938 2008 1050 2090 quarte
1079 2026 1206 2072 caesura
1237 2010 1398 2091 partem

286 2114 486 2180 orationis
506 2114 771 2191 terminet,)“
805 2113 898 2195 pauci
920 2111 1093 2196 negabunt,
1117 2112 1213 2179 verbu
1234 2112 1399 2179 Diomedis

284 2219 369 2284 idem
390 2219 581 2303 siguificare,
605 2216 687 2301 quod
709 2215 873 2282 Heliodori
895 2218 989 2281 hsce:
1010 2210 1148 2297 κοσμίαν
1169 2221 1233 2278 τῶν
1255 2239 1399 2306 potron-

283 2324 347 2385 κῶν
381 2319 438 2407 τὴν
475 2319 556 2385 κατὰ
588 2314 678 2386 πόδα
711 2314 852 2406 τομήν.
896 2318 1187 2385 manifestissimum
1213 2320 1312 2404 igitur
1339 2323 1399 2400 est,

285 2425 469 2492 Diomedem
489 2426 583 2510 paulo
604 2444 699 2508 supra
720 2425 894 2490 dicentem:
919 2423 1126 2507 „paeonicum
1140 2425 1292 2503 metrum,
1314 2425 1401 2506 quod

248 2569 250 2572 .
285 2529 426 2615 plerique
444 2530 656 2614 rhythmicum
680 2548 748 2595 esse
770 2528 952 2618 dixerunt&
976 2527 1167 2594 intellexisse
1181 2527 1420 2618 Heliodorum

285 2635 395 2701 eodem
424 2634 488 2700 fere
517 2634 612 2699 verba
643 2632 726 2717 apud
748 2634 829 2698 Mer.
845 2632 998 2699 Victorin.
1023 2636 1107 2716 (pag.
1126 2638 1200 2711 130)
1232 2631 1399 2716 leguntur:

285 2740 348 2819 „ut
375 2738 516 2823 plerique
545 2739 605 2803 hoc
623 2740 761 2803 metrum
795 2738 980 2820 rhythmum
1003 2737 1155 2802 creticum
1179 2736 1339 2802 dixeriut“
1366 2739 1401 2803 et

285 2843 378 2928 poulo
406 2862 516 2926 supra:
551 2831 661 2926 „quod
684 2843 790 2907 tamen
820 2843 923 2925 magis
951 2841 1097 2924 rhythmo
1126 2841 1161 2906 id
1187 2841 1236 2905 est
1256 2860 1399 2920 numero,

286 2966 382 3030 quam
403 2947 504 3011 metro
526 2964 713 3028 congruere,
736 2944 872 3012 varietas
892 2946 961 3029 ipsa
979 2944 1213 3028 compositionis
1229 2942 1402 3010 ostendit.“

285 3071 387 3135 neque
410 3051 537 3116 minoris
559 3050 712 3115 momenti
735 3052 809 3115 suut
825 3049 936 3128 verba,
957 3068 1035 3133 quse
1055 3050 1149 3132 paulo
1171 3052 1243 3132 post
1260 3067 1402 3132 sequun-

286 3158 355 3221 tur:
394 3156 605 3235 „bechiaoum
632 3154 731 3237 igitur
753 3153 984 3238 dirhythmum,
1021 3154 1260 3236 trirhythmum,
1296 3154 1401 3242 tetre-

288 3261 471 3343 rhythmum
481 3264 509 3338 ,“
530 3259 607 3323 heeo
628 3256 806 3342 appellandi
826 3257 922 3335 ratio,
944 3258 981 3323 ut
1003 3258 1151 3324 abhorret
1172 3258 1211 3322 ab
1233 3257 1402 3340 Hephaes-

285 3359 388 3430 tionis
406 3367 437 3429 et
460 3363 669 3439 recentiorum
691 3363 972 3446 grammaticorum
992 3381 1069 3441 usu,
1091 3363 1138 3427 ita
1160 3360 1241 3445 apud
1256 3364 1402 3427 veterem

287 3468 490 3533 scholiastam
517 3466 583 3531 sole
612 3469 661 3532 est
688 3468 720 3535 et
748 3466 1000 3550 frequentissima
1029 3466 1068 3529 cf.
1102 3465 1197 3530 schol.
1218 3463 1297 3530 Ach.
1322 3472 1401 3533 204.

288 3591 334 3656 eq.
352 3579 424 3636 284.
459 3578 531 3637 882.
583 3574 745 3654 praeterea
777 3571 840 3636 elis
871 3571 1027 3655 permulta
1058 3570 1259 3637 inveniuntur
1289 3570 1401 3653 verba,

288 3695 367 3760 quse
403 3674 485 3759 apud
520 3674 655 3741 Atilium
689 3677 950 3741 Fortunatieuum
984 3676 1016 3740 et
1044 3674 1182 3739 Meuium
1209 3674 1291 3739 Vict.
1328 3673 1402 3743 tam

287 3780 403 3846 similis
425 3781 514 3846 nohis
537 3782 720 3860 occmrunt,
742 3781 779 3844 ut
800 3799 836 3845 ex
856 3780 964 3845 eodem
987 3780 1073 3844 fonte
1093 3779 1206 3843 haustu
1220 3778 1401 3845 videantur.

288 3885 481 3951 conferentes
512 3885 595 3949 enim
624 3884 705 3968 apud
732 3885 813 3949 Mur.
836 3883 874 3948 V.
905 3883 979 3948 libri
1005 3883 1099 3967 primi
1129 3901 1196 3966 cap.
1219 3882 1295 3948 XVI
1323 3902 1401 3951 cnm

289 3990 393 4057 verbis
414 3988 512 4068 Atili,
543 4009 622 4073 quae
648 3990 771 4054 exstant
798 3988 831 4052 in
860 3987 980 4053 librili
1003 4007 1069 4070 cup.
1087 3994 1144 4065 28,
1173 3989 1296 4053 tentum
1319 4006 1401 4052 cou-

287 4114 412 4160 sensum
433 4095 467 4157 iu
488 4114 538 4173 re,
571 4093 729 4159 incertis
752 4093 858 4158 autem
886 4093 1007 4157 tautum
1030 4091 1172 4157 videmus
1196 4091 1401 4157 dissimilitu-

288 4199 409 4277 dinem,
442 4200 562 4264 utnon
585 4217 682 4263 unum
705 4199 744 4263 ab
766 4198 864 4263 altero
887 4196 1052 4281 petivisse,
1090 4197 1145 4261 sed
1167 4199 1335 4281 utrumque
1351 4217 1401 4265 ,ex

288 4303 397 4370 eodem
424 4303 510 4372 fonte
538 4302 680 4370 hausisse
713 4304 870 4391 appareat.
916 4301 1078 4389 exponitur
1107 4301 1215 4369 autem
1243 4301 1283 4367 et
1304 4302 1401 4369 utro-
