3134 4984
598 315 705 371 Scholia
723 317 753 371 in
770 331 845 371 aves.
1243 318 1278 374 81

173 500 294 565 μετροι.
311 470 328 543 ὁ
345 473 382 542 δὲ
396 467 430 540 δ’
447 467 680 562 ἓφθημιμερής.
699 469 718 541 ὁ
734 467 880 560 δείτερσς
892 473 1104 561 χοριαμβικός
1117 471 1286 562 τρίμετρος

176 577 422 669 καταληκτικός,
444 576 500 645 τὸν
523 582 653 664 πρῶτον
674 573 753 658 ἔχων
777 575 868 644 πόδα
890 572 1159 663 πεντασόλλαβον.
1191 579 1229 646 τδ
1251 574 1285 665 χ’

176 684 346 772 τροχαϊκὸν
374 681 621 771 πενθημιμερές.
666 677 684 747 δ
706 679 742 761 ς’
761 673 900 761 Ἰωνικὸς
926 682 1140 770 τετρόμετρος
1169 689 1286 771 βραχι-

177 787 383 877 κατόληκτος.
416 784 458 853 τδι
479 784 518 868 ζ’,
543 784 592 853 ια’
614 782 800 868 δακτυλινιό,
829 785 949 869 τὸμὲν
972 787 1227 877 πενβημιμερές,
1247 789 1286 855 τὸ

178 892 215 959 δὲ
237 889 406 979 τρίμετρον
428 889 658 979 καταληκτικδν
682 887 730 969 εἰς
750 886 970 974 δισυλλαβίαν.
1005 890 1047 956 τδι
1068 890 1112 977 η’,
1137 889 1184 976 ιβ’
1207 884 1287 959 οἰνα-

180 995 338 1063 παιστικδ
360 990 575 1084 ἓφδημιμερῆ.
606 990 665 1061 ἐπὶ
687 999 733 1082 τῷ
754 994 841 1061 τέλει
870 990 1113 1083 παρόχραφσς.]]

268 1107 463 1167 920-930.
509 1097 626 1187 [[ταοτί
649 1096 711 1165 σός
734 1090 903 1164 Ἐντεῦθεν
924 1100 1098 1185 διαιρεῖται
1119 1099 1161 1165 τὰ
1182 1099 1287 1185 πρόσ-

180 1228 257 1269 ωπα
287 1201 335 1284 εἰς
364 1202 602 1292 σοστηματικδις
638 1201 810 1291 περιόδους
839 1195 1017 1288 οἰμοιβαίας
1038 1198 1081 1292 η’.
1124 1204 1178 1271 καὶ
1201 1202 1289 1273 ἔστιν

178 1304 198 1396 ἡ
220 1306 332 1398 πριότη
351 1305 508 1396 περίοδος
534 1303 651 1389 στίχων
672 1304 833 1392 ἰαμβικῶν
855 1306 1032 1396 τριμέτρων
1054 1303 1097 1374 δ’.
1120 1304 1194 1396 ἦβ’
1217 1307 1288 1376 στί-

176 1436 242 1493 χιον
264 1413 320 1478 καὶ
340 1410 451 1478 κιόλων
472 1407 512 1492 ζ’.
537 1401 581 1477 ὧν
597 1407 615 1476 ὁ
631 1416 764 1499 πρῶτος
778 1410 990 1498 χοριαμβικδς
1012 1409 1181 1500 τρίμετρσς
1194 1437 1288 1480 κατα-

179 1511 336 1604 ληκτικός.
380 1515 426 1581 τό
439 1510 474 1600 β’
496 1510 610 1598 ὅμοιον
629 1512 778 1601 δι’μετρον
802 1507 1034 1603 οἰκατόληκτον,
1062 1515 1121 1583 τὸν
1143 1511 1289 1605 δεύτερον

180 1614 258 1701 ἔχων
283 1614 372 1686 πόδα
395 1617 664 1703 πεντασόλλαβον.
708 1617 746 1686 τδ
776 1614 886 1707 τρίτον
907 1616 1063 1705 περίοδος
1083 1616 1120 1700 ἑξ
1139 1617 1292 1711 ἰαμβικῆς

180 1723 235 1789 καὶ
256 1727 426 1813 τροχαϊκῆς
451 1717 585 1808 βάσεως.
628 1721 666 1788 τὸ
690 1717 722 1788 δ’
744 1713 958 1811 οἰσυνάρτητσν
986 1720 1023 1803 ἐξ
1051 1714 1291 1813 όναπαιστικῆς

181 1825 236 1893 καὶ
258 1823 411 1917 ἰαμβικῆς
437 1824 571 1912 βάσεως.
608 1825 646 1893 τδ
666 1825 698 1892 ε’
719 1826 869 1915 τροχαϊκὴ
899 1822 998 1911 βόσις
1019 1822 1056 1893 ἐκ
1076 1824 1217 1916 χορείων.
1252 1826 1292 1893 τδ

182 1929 217 2010 ς’
243 1928 397 2017 ἰαμβικὸν
419 1927 570 2017 δίμετρον
587 1929 907 2020 βραχοκατόληκτον,
935 1927 1021 1997 εἰδὲ
1043 1925 1168 2016 βσόλει,
1195 1923 1291 1997 Ἰωνι-

182 2034 239 2103 κόν
259 2030 556 2124 ἓφδημιμερές.·τὸ
577 2032 608 2113 ζ’
627 2030 765 2100 Ἰωνικὸν
792 2031 941 2121 δίμετρον
964 2026 1194 2123 όκατόληκτον.
1237 2027 1291 2123 ὑφ’

182 2130 202 2207 ό
225 2136 470 2228 παρόμραφοςβ]

272 2253 333 2310 931
343 2285 383 2293 --
395 2250 467 2310 935.
515 2240 630 2344 ητοοτὶ
652 2240 813 2329 παρέξεις
832 2238 879 2305 ‘H
889 2237 981 2330 τρίτη
1003 2238 1157 2331 περίοδος
1175 2239 1293 2326 στίχων

184 2344 273 2414 ε’στίν
296 2344 456 2432 ἰαμβικῶν
484 2343 660 2434 τριμέτρων
682 2337 910 2435 όκαταλήκτων
930 2342 1035 2412 πέντε.
1059 2344 1119 2411 ε’πί
1142 2351 1189 2433 τῷ
1208 2346 1293 2414 τέλει

184 2446 431 2546 παρόγραηνος.η
1188 2469 1189 2472 ’

273 2562 470 2624 936-945.
525 2549 626 2644 βτόδε
655 2553 713 2638 μὲν
741 2545 800 2621 οἰκ
827 2550 991 2622 οἰέκονσα;
1017 2551 1065 2618 Ἡ
1082 2553 1118 2620 δ’
1140 2554 1294 2644 περίοδος

184 2660 295 2727 κώλων
316 2659 387 2726 ἐστὶ
410 2662 597 2726 παιωνικῶν
616 2657 820 2744 μεμιγμένων
840 2662 1005 2748 κρητικσῖς
1027 2657 1085 2725 καὶ
1104 2661 1295 2745 παλιμβακ·

182 2763 286 2848 χείοις
310 2759 482 2853 τεσσάρων.
525 2755 567 2828 ὧν
592 2762 631 2830 τδ
660 2757 695 2827 α’
717 2759 888 2850 τρίμετρον
917 2760 1156 2850 καταληκτικόν.
1197 2763 1235 2832 τὸ
1258 2764 1295 2848 β’

184 2866 353 2957 τρίμετρον
373 2861 684 2956 βραχοκατόληκτσν,
706 2873 763 2933 τοῦ
785 2865 820 2951 β’
844 2864 948 2943 ποδὸς
963 2864 1230 2951 παλιμβακχείσα.
1255 2868 1293 2935 τδ

185 2970 295 3059 τρίτον
317 2969 468 3060 δι’μετρσν
483 2968 702 3059 ἅκατάληκτον
725 2969 780 3036 διδ
803 2969 859 3059 τὴν
879 2965 1067 3058 ἀδιάφορον.
1108 2967 1141 3035 ἒν
1163 2968 1295 3037 ἐκθέσει

187 3077 223 3144 δὲ
258 3074 367 3160 στίχος
398 3072 550 3161 ἰαμβικὸς
579 3071 747 3163 τρίμετρος
775 3070 1002 3163 οἰκατάληκτος.
1046 3072 1105 3139 ε’πί
1139 3081 1186 3163 τῷ
1211 3074 1296 3142 τέλει

188 3182 409 3271 παράχραηος.
456 3176 528 3268 ἑξῆς
552 3179 586 3245 δ’
608 3177 627 3267 ἡ
651 3178 680 3244 ε’
702 3176 859 3264 περίοδος
884 3176 993 3245 κώλων
1030 3177 1297 3245 Ῑοίναπαιστικιῦν

188 3286 294 3353 πέντε.
342 3278 386 3352 ὧν
407 3283 446 3352 τδ
469 3289 599 3370 πρῶτον
629 3280 779 3370 δι’μετρον
810 3283 1057 3370 καταληκτικόν,
1085 3287 1141 3349 τοῦ
1167 3283 1298 3371 πρώτου
1389 3319 1392 3324 ·

188 3391 293 3469 ποδὸς
308 3384 579 3473 πεντασολλόβοο.
603 3388 641 3454 τδ
657 3382 694 3472 β’
710 3385 961 3475 πενθημιμερές,
977 3380 996 3452 ὃ
1010 3387 1155 3453 καλεῖται
1167 3388 1298 3471 δοχμαῖ-

189 3490 254 3563 κόν.
286 3493 324 3560 τὸ
341 3491 451 3580 τρίτον
468 3491 611 3559 Ἰωνικὸν
630 3487 801 3578 τρίμετρον
824 3490 1060 3578 ἀκατάληκτον,
1090 3494 1147 3556 τοῦ
1169 3485 1299 3578 πρώτου

189 3599 295 3678 ποδὸς
316 3596 584 3683 πεντασολλόβοο.
620 3595 658 3662 τὸ
682 3590 714 3662 δ’
738 3592 858 3680 ὅμοιον.
895 3593 933 3661 τὸ
955 3594 986 3658 ε’
1010 3591 1160 3682 δι’μετρον
1180 3600 1303 3684 βραχο-·

190 3703 389 3793 κατόληκτσν
409 3700 597 3768 παιωνικόν.
626 3698 684 3766 ἐπὶ
706 3704 755 3787 τῷ
776 3697 863 3765 τέλει
885 3693 1129 3792 παρόχραηνος.η

278 3814 476 3875 946-953.
524 3797 668 3894 [[ξονίημ’
699 3800 750 3871 ότι
779 3803 890 3889 βούλει
919 3827 928 3869 :
961 3801 1014 3867 ‘H
1042 3801 1117 3891 ἕκτη
1146 3799 1300 3889 περίοδος

189 3912 333 4004 ἡνωμένη
361 3904 442 3980 οὖσα
472 3906 582 3977 κόλων
613 3908 669 3974 καὶ
700 3905 818 3990 στίχων
849 3905 938 3974 ἐστὶν
959 3906 1003 3996 η’.
1031 3898 1091 3972 ιῶν
1117 3901 1149 3971 οἰ
1174 3909 1300 3993 πρῶτοι

190 4017 347 4104 τέσσαρες
368 4013 516 4100 ἰαμβικοί
541 4009 704 4101 τρίμετροι
728 4004 952 4099 όκατάληκτοι.
996 4007 1076 4095 μίαν
1102 4008 1161 4096 χδιρ
1182 4008 1224 4075 τδι
1244 4008 1302 4074 δύο

190 4117 358 4211 πρόσωπα
381 4120 437 4209 τὴν
455 4118 604 4208 τοιαύτην
627 4123 719 4184 ποιεῖ
741 4113 908 4204 περίοδον.Ι
936 4113 978 4181 τὰ
999 4113 1035 4181 δὲ
1066 4111 1138 4201 ἑξῆς
1160 4113 1302 4199 τέσσαρα

280 4354 296 4406 1
315 4354 389 4408 Fort.
409 4351 638 4405 ιῖντισπασιικιῦιι

237 4460 409 4511 Τὴίοαιοιισ,
423 4457 511 4497 scholia
527 4457 551 4497 in
565 4455 741 4503 Aristophanem
755 4452 857 4495 metrica.
900 4453 904 4460 '
