3134 4984
284 294 321 349 80
721 294 829 350 Scholia
846 296 875 351 in
889 310 964 352 aves.

373 459 566 519 874-880.
613 451 694 538 [nal
720 450 889 541 φρυγίλῳε
915 451 962 517 Ἡ
986 450 1077 541 τρίτη
1107 449 1262 539 περίοδος
1283 450 1393 519 κώλων

284 553 340 621 καὶ
362 553 480 638 στίχων
502 554 590 622 ἐστὶν
612 552 706 626 ἑπτά.
729 549 773 623 ὧν
795 556 833 624 τὸ
856 557 891 623 α’
912 556 1124 644 χοριαμβικὸν
1146 554 1296 644 ὸίμετρον
1312 557 1392 623 οἰκα-

283 659 450 748 ταληκτον.
472 659 510 726 τὸ
524 656 561 744 β’
583 659 772 727 ὸακτυλικὸν
786 660 1037 749 πενθημιμερές.
1059 659 1097 728 τὸ
1112 657 1145 746 y'
1162 657 1392 750 ἓφθημιμερές.

283 761 321 831 τὸ
343 761 378 828 δ’
401 760 553 848 ἰαμβικὸν
574 761 744 851 τρίμετρον
757 805 760 810 -
774 763 1004 853 ἀκατάληκτον.
1041 764 1079 830 τὸ
1103 763 1134 830 ε’
1157 762 1391 832 ἀναπαιστικόν

283 862 432 955 ὸίμετρον
451 863 747 956 ὸπερκατοίληκτον,
787 864 858 949 ἔχον
879 867 935 935 τὸν
956 866 994 952 β’
1025 868 1114 935 πόὸα
1136 866 1323 955 τρίβραχον,
1361 865 1391 934 εἰ

284 967 468 1055 ὸὲβούλει,
504 962 644 1038 Ἰωνικὸν
666 963 724 1036 ἀπ’
747 969 931 1053 ἐλάττονος,
967 969 1137 1061 τρίμετρον
1159 969 1391 1060 καταληκτικὸν

283 1070 320 1139 ἐκ
343 1072 496 1155 παίωνος.
531 1075 570 1142 τὸ
591 1069 626 1155 ς’
648 1070 887 1142 οἰναπαιστικὸν
909 1073 1058 1161 ὸίμιτρον
1087 1068 1315 1165 οἰκαταίίηκτον.
1352 1073 1391 1142 τὸ

284 1172 313 1258 ζ’
344 1174 496 1264 ἰαμβικὸν
544 1174 774 1268 ἓφθημιμερές.
814 1178 848 1245 ἐν
891 1178 1023 1247 ἐκθέσει
1068 1176 1187 1266 ἴαμβος
1223 1177 1393 1267 τρίμετρος
1422 1247 1425 1250 ,

283 1280 510 1370 οἰκατοὲληκτος.
544 1275 597 1372 ὑφ’
618 1277 654 1348 ὸν
677 1281 922 1376 παροίχραφοςη

370 1412 564 1473 881-888.
612 1402 695 1492 {nal
716 1401 817 1493 ἥρωσι
842 1403 898 1470 καὶ
919 1400 1041 1490 ὸρνισιν
1064 1428 1072 1470 :
1102 1400 1155 1468 ‘H
1172 1399 1313 1493 τετάρτη
1329 1428 1391 1469 πε-

281 1502 392 1593 ρίοὸος
413 1505 524 1572 κώλων
546 1506 601 1572 καὶ
626 1504 743 1589 στίχων
765 1507 860 1574 ὀκτώ.
899 1504 917 1574 ὸ
941 1506 978 1573 α’
1000 1504 1253 1587 αἰντισπαστικὸς
1275 1510 1390 1596 τετρά-

282 1634 398 1697 μετρος
413 1606 717 1699 βραχικαταίληκτος.
739 1607 757 1678 ὸ
772 1610 809 1695 β’
822 1605 962 1689 Ἰωνικὸς
976 1607 1045 1677 αἰπὸ
1061 1608 1208 1695 μείζονος
1222 1609 1392 1700 τρίμετρος

281 1713 522 1803 καταληκτικός,
567 1713 605 1780 τὸ
639 1711 672 1800 χ’
703 1711 816 1798 ὅμοιον
852 1712 1002 1803 ὸίμετρον
1037 1712 1319 1805 ὸπερκατάληκτον
1353 1713 1391 1781 ἐκ

281 1813 437 1897 παίωνος.
463 1817 500 1885 τὸ
525 1814 559 1885 δ’
580 1815 694 1901 ὅμοιον
715 1815 866 1905 ὸίμετρον
889 1810 1117 1908 οἰκατάληκτον.
1147 1817 1184 1886 τὸ
1210 1813 1240 1884 ε’
1258 1842 1391 1908 χοριαμ-

227 2005 229 2009 .
279 1921 373 2006 βικὸν
391 1918 541 2008 ὸίμετρον
563 1918 810 2010 καταληκτικόν,
847 1919 876 1988 εἰ
898 1922 937 1989 ὸέ
952 1923 1075 2008 βούλει,
1113 1919 1299 1991 ὸακτυλικὸν
1319 1920 1390 2007 τρί-

279 2049 406 2114 μετρον.
425 2025 463 2091 τὸ
486 2020 520 2105 ς’
541 2023 653 2110 ὅμοιον
673 2025 861 2092 ὸακτολικὸν
884 2022 1114 2114 ἓηνθημιμερές.
1146 2025 1184 2094 τὸ
1204 2024 1233 2107 ζ’
1253 2050 1390 2112 χοριαμ-

279 2130 373 2215 βικὸν
394 2126 561 2218 τρίμετρον
580 2129 822 2219 καταληκτικὸν.
857 2130 896 2197 τὸ
916 2126 1030 2216 ὸγὸοον
1052 2127 1202 2215 ἰαμβικὸν
1223 2136 1390 2220 πενθημι-

278 2233 383 2322 μερίς.
415 2227 469 2323 ὑφ’
492 2226 511 2301 ὸ
535 2234 779 2322 παράχροφος.]]

367 2363 564 2421 889-894.
611 2346 717 2433 [[παῖ
743 2353 777 2433 ἐς
801 2354 971 2442 κόρακαςι
1004 2352 1057 2419 Ἦ
1074 2352 1212 2443 πέμπτη
1235 2351 1389 2442 περίοδος

279 2453 315 2523 ἐκ
345 2454 462 2539 στίχων
491 2456 579 2525 ἐστὶν
606 2454 766 2543 ἰαμβικῶν
789 2457 965 2546 τριμέτρων
995 2450 1222 2546 σίκαταλήκτων
1243 2456 1284 2537 ς’.
1329 2455 1389 2524 ἐπὸ
1425 2448 1434 2465 ’

278 2567 325 2648 τῷ
344 2558 429 2627 τέλει
452 2561 694 2650 παράχραφος.]]

284 2733 286 2737 -
367 2689 565 2749 895-902.
610 2669 693 2754 ὸεῖτ)
715 2673 815 2760 αὖθις
836 2671 905 2747 αὖτ’
930 2676 993 2769 ἰίρα
1012 2704 1090 2749 σοις
1113 2678 1166 2747 ‘H
1177 2677 1210 2761 ς’
1231 2678 1387 2770 περίοδος

278 2782 312 2850 ἒν
342 2783 474 2851 ἐκθέσει
504 2785 614 2852 κώλων
641 2782 728 2852 ἐστὶν
746 2781 838 2852 ὀκτώ.
882 2783 920 2852 τὸ
948 2781 985 2850 α’
1004 2783 1215 2873 χοριαμβικὸν
1238 2783 1387 2873 ὸίμειρον

278 2891 518 2977 καταληκτικὸν.
539 2889 578 2955 τὸ
600 2884 637 2974 β’
658 2888 828 2975 τροχαϊκὸν
848 2884 1079 2986 ὸφθημιμερέρ
1098 2888 1135 2958 τὸ
1149 2889 1183 2977 y'
1198 2889 1388 2958 ὸακτυλικὸν

277 2988 426 3078 ὸίμετρον
454 2996 531 3058 1τοῦ
552 2991 589 3076 β’
612 2990 717 3070 ποὸὸς
740 2993 1061 3078 προκελευσματικοῦ.
1100 2992 1137 3058 τὸ
1162 2993 1182 3058 ὸ
1189 2990 1195 3007 ’
1216 2993 1386 3081 τροχαϊκὸν

277 3093 428 3184 ὸίμιτρον
450 3087 670 3185 οἰκοτοὶληκτον
691 3099 755 3161 τῶν
777 3097 813 3160 α’
842 3095 915 3160 ’καὶ
937 3095 972 3180 β’
997 3097 1109 3162 ποδῶν
1128 3093 1271 3185 χορείων.
1302 3095 1340 3163 τὸ
1357 3091 1386 3163 ε’

275 3194 390 3283 ὅμοιον
408 3197 445 3264 ἐκ
460 3196 603 3287 χορείων.
633 3198 671 3266 τὸ
688 3197 720 3278 ς’
739 3198 908 3286 τροχαϊκὸν
930 3195 1146 3287 ἰθνφαλλικὸν
1160 3199 1216 3265 τοῦ
1230 3199 1264 3264 α’
1280 3198 1388 3279 ποδὸς

274 3299 408 3390 χορείου.
431 3298 449 3368 ὸ
470 3301 500 3383 ζ’
526 3300 678 3387 ἰαμβικὸς
700 3300 869 3389 τρίμετρος
890 3298 1116 3392 αἰκατάληκτος.
1136 3302 1174 3370 τὸ
1197 3301 1230 3391 η’
1253 3296 1387 3371 Ἰωνικὸν

275 3395 334 3471 ἄπ’
365 3401 535 3484 ἐλάττονος
565 3403 712 3493 ὸίμετρον
738 3404 1027 3494 ὸπερκατοίληκτον.
1073 3403 1132 3472 ἰπὶ
1162 3412 1208 3494 τῷ
1237 3405 1321 3473 τέλει
1350 3401 1386 3472 αἰ

277 3504 430 3596 συνήθεις
448 3508 505 3574 ὸιίο
528 3509 673 3595 ὸιπλαῖ.]]

364 3637 478 3695 903-
489 3637 562 3696 919.
619 3628 783 3716 βθύοντες
815 3625 1040 3713 εὸξιόμεσθαε
1077 3624 1287 3706 Εἰσθεσις(
1273 3624 1386 3756 εηέρας

274 3724 472 3820 περιόδου
453 3759 474 3798 α
473 3730 629 3818 μοιβαίας
651 3732 762 3800 κώλων
786 3732 841 3800 καὶ
865 3731 981 3816 στίχων
1005 3729 1063 3859 ιη’.
1086 3724 1130 3799 ὧν
1153 3757 1185 3798 οι
1207 3728 1254 3814 α’,
1274 3731 1313 3816 ε’,
1337 3727 1384 3815 θ’,

274 3831 303 3904 ι’
326 3834 382 3903 καὶ
405 3862 436 3903 οι
459 3840 636 3905 τελευταῖοι
665 3832 704 3918 ἐξ
727 3830 919 3922 ⁸}'ayssot
883 3861 971 3904 ουτοι
998 3836 1057 3921 μὲν
1077 3828 1291 3926 οἰκαταίληκτοι
1313 3834 1385 3924 τρί-

360 4055 375 4108 1
403 4052 435 4122 β’
464 4052 555 4115 ποὸὸς
582 4052 723 4124 Kustems.
761 4050 790 4106 a‘
815 4051 908 4112 ποὸὸς
934 4051 996 4106 Ald.
1119 4051 1137 4105 2
1162 4055 1208 4105 καὶ
1226 4048 1255 4119 β’
1279 4050 1386 4107 addidit

274 4141 413 4197 Kusterus.
447 4139 508 4194 fort.
533 4145 589 4194 τῶν
610 4136 727 4213 πρώτων
755 4142 861 4195 ποθῶν.
966 4137 1155 4195 3Scholiasta
1171 4137 1264 4192 scribit
1282 4142 1384 4209 ἴαμβοι

274 4231 303 4283 et
326 4227 407 4295 paulo
429 4226 502 4281 infra
529 4231 568 4286 εἰς
585 4228 788 4294 ὸισσυλλαβίαν
811 4226 889 4295 (alibi
905 4222 1102 4295 ὸισσὺλλαβον)
1117 4223 1256 4280 Heliodori
1274 4229 1385 4281 secutus

272 4313 378 4368 dicendi
394 4329 481 4368 usum.

1547 4205 1549 4356 ί
