3134 4984
618 300 726 357 Scholia
741 300 771 356 in
788 299 881 358 nubes.
1079 270 1084 280 ¹
1265 308 1302 363 35

192 454 232 524 τὸ
253 452 421 524 ἑνδέκατον
441 453 555 541 ὅμοιον
579 461 626 545 τῷ
647 454 739 546 έκτρν.
767 457 806 526 τδ
830 457 1012 526 δωδέκατον
1031 457 1201 548 τροχαὶκδν
1223 486 1300 529 πεν-

193 559 382 649 θημιμερές.
408 559 446 629 τὸ
466 560 731 649 τρισκαιδέκατον
752 554 973 652 άναπαιστικὴ
994 559 1101 648 βάσις.
1129 563 1167 632 τὸ
1188 587 1301 633 τεσσα-

193 661 445 752 ρεσκαιδέκατον
465 662 578 749 ὅμοιον
597 670 644 752 τῷ
665 661 776 752 ἐνάτῳ.
812 663 851 732 τὸ
872 665 1302 735 πεντεκαιδέκατονδακτο-

193 766 285 837 λικδν
307 763 545 857 ἑφθημιμερές,
570 759 590 837 δ
602 761 812 853 Ἀλκμάνειον
837 770 991 838 καλεῖται.
1013 768 1051 839 τὸ
1075 756 1303 841 ἑκκαιδέκατον

194 870 306 957 ὅμοιον
326 879 373 960 τῷ
394 867 547 961 τετάρτῳ.
568 871 606 939 τὸ
631 870 909 940 ἑπτακαιδέκατον
929 871 1044 959 ὅμοιον
1063 881 1110 964 τῷ
1131 873 1238 965 τρίτῳ.
1264 876 1303 947 τδ

194 968 471 1044 ὀκτωκαιδέκατον
508 974 622 1061 ὅμοιον
657 982 703 1065 τῷ
739 972 849 1065 ἐνάτῳ.
885 977 924 1045 τὸ
956 975 1246 1066 ἐννεακαιδέκατον,
1285 974 1305 1051 δ

194 1078 430 1170 παρατέλεοτον
465 1073 674 1165 ὀνομάζεται,
720 1080 892 1169 δακτυλικῆ
933 1077 1039 1168 βάσις.
1084 1081 1122 1154 τὸ
1157 1082 1304 1153 εἰκοστὸν

192 1179 307 1269 ὅμοιον
325 1190 374 1273 τῷ
399 1183 710 1272 πεντεκαιδεκάτῳ.]]

280 1296 475 1358 476-509.
521 1279 602 1374 [ἄλλ’
626 1284 781 1376 έγχείρειε
809 1285 886 1354 1Ἔν
907 1287 1039 1358 ἐκθέσει
1061 1288 1204 1375 δίστιχον
1225 1291 1303 1361 άνα-

191 1391 368 1461 παιστικδν
391 1390 603 1482 τετράμετρον
620 1391 859 1482 καταληκτικάν.
889 1390 1030 1461 εἰώθασι
1057 1397 1117 1484 γὰρ
1138 1399 1220 1480 μετὰ
1243 1398 1302 1479 τδις

191 1492 345 1576 τοιαύτας
364 1494 537 1586 περιόδους
567 1492 702 1584 ἐπάγειν
727 1493 882 1579 δίστιχον.
916 1495 975 1565 έπί
995 1501 1043 1587 τῷ
1061 1498 1147 1567 τέλει
1167 1505 1225 1591 τῆς
1244 1501 1303 1587 μὲν

191 1597 402 1679 έπεκθέσεως
433 1599 490 1668 δύο
524 1594 676 1689 συνήθως
705 1601 824 1667 διπλαῖ
855 1596 917 1681 ἔξω
950 1607 1138 1687 νενευκοῖαι,
1174 1612 1232 1694 τῆς
1266 1605 1302 1673 δέ

190 1701 351 1787 διστιχίας
380 1702 607 1793 παράγραφος.
641 1706 789 1771 καλεῖται
810 1703 847 1771 δέ
876 1710 977 1772 ταῦτα
1004 1704 1300 1796 πολοσχημάτιστα,

190 1807 303 1875 διὰτὸ
324 1802 470 1896 διάφορα
494 1807 650 1889 δέχεσθαι
668 1807 781 1896 μέτρα.
818 1807 860 1874 τὰ
881 1801 919 1875 δ’
948 1810 1064 1900 ἐφεξῆς
1084 1807 1141 1896 λδ
1164 1809 1303 1899 ίαμβικά

189 1908 270 1979 εἰσιν
289 1903 492 2000 άκατάληκτα
511 1908 679 2000 τρίμετρα·
702 1901 747 1978 ὧν
769 1913 951 1980 τελευταῖον

394 2029 496 2110 χώρει,
514 2038 543 2086 τί
560 2031 704 2096 κυπτάζεις
721 2033 793 2104 ἔχων
811 2038 878 2108 περὶ
895 2033 945 2102 τὴν
963 2032 1068 2110 θύραν,·

190 2131 251 2202 ἐπὶ
271 2139 319 2222 τῷ
339 2132 425 2201 τέλει
447 2131 606 2222 κορωνίς.]

279 2261 478 2323 510—517.
532 2251 618 2343 ffoidd'
649 2250 705 2322 ίθι
724 2251 868 2341 χαίρωντ
909 2260 1039 2324 2Τοῦτο
1071 2257 1186 2327 διὰτὸ
1209 2254 1301 2325 είσά-

188 2365 311 2447 γεσθαι
331 2361 388 2426 τὸν
407 2353 510 2447 χορόν,
534 2353 683 2439 ἐξιόντων
699 2365 764 2439 τῶν
779 2357 969 2449 ὑποκριτῶν,
992 2352 1182 2445 ὀνομάζεται
1197 2387 1301 2451 κορω-

189 2460 249 2544 νίς.
280 2464 335 2530 διὰ
359 2462 395 2530 δέ
418 2463 457 2530 τὸ
480 2460 711 2552 προτίθεσθαι
729 2467 788 2552 τῆς
809 2458 1030 2552 παραβάσεως
1049 2464 1130 2531 κατὰ
1151 2464 1189 2533 τὸ
1209 2462 1299 2550 ἔθος,

189 2560 380 2652 ὀνομάζεται
401 2562 595 2652 κομμάτιον,
621 2561 731 2633 κοίλων
750 2559 845 2634 ὀκτώ.
869 2559 912 2634 ὧν
933 2567 971 2636 τὸ
994 2567 1053 2652 μὲν
1075 2576 1207 2656 πρῶτον
1227 2565 1300 2636 άνα-

189 2670 367 2739 παιστικδν
398 2668 548 2761 δίμετρον
587 2665 824 2760 άκατάίηκτον,
860 2669 880 2761 ἢ
907 2672 1120 2760 χοριαμβικδν
1151 2669 1301 2761 δίμετρον

190 2771 471 2865 ὖπερκατάληκτον
491 2772 704 2861 έπιμιμμένον
731 2772 939 2863 δισπονδείῳ.
975 2774 1014 2843 τὸ
1042 2774 1191 2864 δεύτερον
1219 2774 1300 2843 άνα-

189 2878 367 2948 ποιστικὸν
385 2877 589 2967 μονόμετρον.
611 2877 649 2947 τὸ
671 2874 780 2966 τρίτον
801 2876 858 2944 καί
879 2879 918 2946 τὸ
940 2874 1013 2968 ἑξῆς
1034 2879 1092 2946 καὶ
1110 2879 1149 2948 τδ
1164 2878 1302 2966 ἕβδομον

190 2985 247 3053 καὶ
273 2983 331 3053 3τὸ
352 2975 420 3070 μετ)
436 2975 515 3052 αὐτὸ
533 2981 729 3072 χοριαμβικδι
748 2979 883 3071 δίμετρα
899 2983 1116 3073 καταληκτικὰ
1132 2983 1180 3064 εἰς
1197 2982 1302 3074 ἀμφί-

189 3097 307 3179 βραχον
329 3083 564 3178 περαιούμενα,
587 3083 786 3177 ἤβακχείον,
811 3085 866 3153 διδ
887 3087 925 3154 τὸ
941 3086 1131 3178 ἀδιάφορον,
1151 3081 1302 3176 Ἀριστο-

190 3193 307 3284 φάνεια
321 3191 377 3260 καὶ
392 3189 475 3259 αὐτὰ
488 3185 681 3276 καλούμενα,
701 3191 739 3259 τὸ
756 3188 911 3275 πέμπτον
924 3190 1136 3280 χοριαμβικδν
1150 3189 1301 3282 δίμετρον

189 3295 418 3387 άκατάληκτον.
449 3295 486 3365 τδ
514 3291 608 3363 ἓκτον
640 3288 709 3364 άπὸ
731 3291 886 3384 ἰαμβικῆς
906 3293 1034 3380 βάσεως
1059 3291 1106 3376 είς
1130 3303 1302 3386 χοριαμβι-

190 3401 248 3494 κήν
271 3399 613 3490 δπερκατάληκτονθ4

281 3632 297 3686 1
316 3629 414 3685 Totum
429 3626 560 3685 soholium
579 3641 630 3680 om.
650 3623 682 3678 G.
717 3623 806 3680 Verba
824 3622 989 3680 εἰώθασι-
1005 3628 1134 3698 δίστιχον
1152 3629 1301 3685 τιταίνετο·

190 3718 229 3774 iio
247 3716 404 3787 interpretis
421 3703 560 3770 Heliodon'
577 3713 629 3767 etsi
646 3712 752 3766 mutata
771 3711 806 3766 of.
822 3715 1021 3787 κωλομετρίαν.
1106 3716 1124 3770 2
1145 3721 1233 3770 Τοῦτο
1252 3716 1300 3770 διὰ

190 3803 223 3859 τὸ
243 3801 409 3874 εἰσάγεσθαι
427 3833 463 3842 -
479 3808 602 3877 κορωνις.
632 3796 675 3854 his
694 3796 784 3854 vorbis
802 3797 948 3855 scholiasta
964 3803 1066 3857 temero
1084 3801 1200 3873 explicat
1219 3800 1302 3858 verbo

190 3888 347 3955 Heliodori,
372 3904 441 3961 quae
456 3888 522 3945 haoo
540 3887 650 3943 fuerunt
668 3886 727 3941 sino
746 3883 841 3941 dubio:
879 3893 1025 3963 Κορωνίς,
1058 3888 1225 3951 ἐξελθόντων
1246 3893 1302 3942 τῶν

192 3975 352 4049 ὑποκριτῶν
369 3974 384 4029 ὁ
398 3974 488 4049 χορὸς
505 3995 528 4029 κ.
544 3994 566 4028 τ.
585 3977 625 4042 L,
655 3974 741 4028 totam
757 3972 897 4042 periodum
917 3974 1096 4045 (κομμάτιον)
1114 3975 1302 4048 ,,κορωνίδα“

192 4062 326 4132 appellari
343 4062 477 4132 opinatus.
547 4059 613 4117 3τὸ
633 4058 738 4115 addidit
756 4061 935 4116 Hermannus.
975 4057 983 4074 '
1032 4058 1146 4115 4Alius
1165 4075 1300 4132 gramma-

191 4149 241 4204 tici
260 4149 401 4204 annotatio
420 4149 509 4204 exstat
525 4148 555 4202 in
573 4147 658 4217 Regio
676 4147 755 4203 haec:
777 4141 827 4225 [[τὸ
847 4145 1054 4218 συστηματικὸν
1073 4146 1139 4201 τόδε
1159 4148 1189 4202 ἐκ
1206 4146 1302 4204 κώλων

193 4242 357 4291 συνίσταται
375 4234 410 4304 η’.
429 4235 460 4290 τὸ
473 4234 498 4290 α’
508 4233 699 4311 χοριαμβικδν
716 4233 848 4307 δίμετρον
859 4235 888 4288 ἐκ
898 4231 1072 4307 χοριάμρου,
1090 4235 1242 4289 σπονδείου
1254 4237 1302 4288 καὶ

195 4322 388 4396 ἦμφιμοίκρου.
416 4321 447 4376 τὸ
465 4320 490 4391 β’
509 4319 678 4376 δακτυλικδν
694 4318 880 4395 μονόμετρον.
911 4319 942 4373 τὸ
960 4317 987 4391 γ’
1004 4321 1196 4394 χοριαμβικὸν
1212 4318 1301 4392 μονό-

1050 4407 1093 4471 3*
