3134 4984
1260 383 1301 420 vll

183 520 294 590 Suidas
316 525 461 604 tradidit,
497 527 534 591 ut
556 526 633 591 mihi
655 526 929 611 persuasissimum
959 528 1020 604 est,
1038 527 1099 590 *sie
1121 526 1298 608 unicuique,

184 662 288 733 spero,
332 648 384 731 qui
420 666 528 713 causas
562 649 684 712 nostras
719 650 895 714 accuratius
932 648 1175 726 examinaverit,
1214 649 1299 714 veri-

185 766 288 834 simile
307 771 382 834 erit.
1058 860 1059 863 Ἴ

271 886 348 956 Fere
370 891 542 974 integram,
575 892 613 955 ut
632 892 691 955 hoc
716 909 837 974 quoque
867 910 1128 970 commemorem,
1160 891 1295 956 colome-

185 1012 279 1077 triam
300 1010 451 1077 habemus
470 1011 507 1077 ad
524 1030 652 1095 pacem,
676 1012 809 1095 equites,
833 1013 946 1091 nubes,
968 1012 1187 1078 Acharnenses
1206 1012 1296 1076 fabu-

184 1133 248 1211 las,
268 1110 369 1198 multa
389 1133 523 1217 vestigia
546 1134 658 1199 saltem
680 1125 817 1217 reperias
836 1132 876 1198 ad
897 1153 1025 1216 vespm,
1045 1153 1134 1212 eves,
1156 1133 1295 1198 Plutum.

272 1253 421 1339 Signandi
441 1254 496 1321 ille
518 1275 608 1334 usus,
631 1255 683 1338 qui
705 1254 812 1338 quanti
834 1256 917 1320 esset
938 1255 1090 1320 momenti
1112 1255 1145 1319 in
1166 1255 1297 1321 diuersis

185 1376 362 1441 auctoribus
386 1375 596 1440 discernendis
618 1376 681 1440 iam
704 1395 799 1459 supra
815 1376 1073 1452 memoravimus,
1093 1378 1130 1441 ut
1144 1396 1205 1441 uno
1222 1395 1297 1440 con-

185 1500 294 1581 spectu
316 1495 647 1579 comprehenderetur,
679 1497 759 1561 calci
779 1497 879 1563 libelli
901 1497 985 1562 affixi
1014 1496 1154 1575 tabulas,
1186 1496 1299 1580 quibus

184 1617 362 1697 Heliodori,
393 1616 634 1703 Hephaestionis
657 1619 869 1684 recentiorum
892 1617 1024 1702 denique
1057 1617 1298 1684 scholiastarum

184 1739 340 1806 rationem
361 1741 510 1823 tanquam
533 1740 567 1804 in
587 1739 658 1805 luce
680 1759 839 1823 ponerem.
998 1726 1000 1729 ’
1259 1752 1260 1755 ’

271 1860 468 1946 Fragmentis
510 1860 706 1926 Heliodoreis
757 1863 967 1928 recentiorum
1017 1860 1296 1947 grammaticorum

184 1982 303 2048 scholia
327 1983 530 2061 asseruimus,
563 2003 626 2049 non
649 1981 730 2067 quod
751 1985 842 2067 aequi
864 1983 1025 2067 pendenda
1055 2003 1123 2049 esse
1145 2002 1182 2047 ea
1204 1984 1297 2066 puta-

185 2123 306 2183 remus,
339 2103 393 2170 sed
423 2098 505 2190 quod
531 2102 558 2169 si
579 2102 722 2170 deessent
745 2106 841 2170 etiam
863 2125 978 2189 magna
998 2125 1070 2188 pars
1095 2105 1192 2189 ipsius
1213 2104 1298 2168 colo-

184 2224 315 2291 metriae
337 2227 556 2309 requireretur.
602 2227 676 2291 sunt
696 2229 819 2292 mutata
841 2229 918 2293 haec
940 2246 996 2310 pro
1018 2229 1112 2310 captu
1128 2227 1299 2302 auctorum,

187 2347 283 2411 variis
305 2345 526 2413 additamentis
549 2342 730 2445 deformata
746 2348 798 2415 vel
818 2349 851 2412 in
873 2347 962 2432 peius
993 2347 1126 2426 deflexa,
1164 2346 1235 2424 sed,
1272 2346 1300 2411 si

183 2448 304 2516 iontem
331 2470 474 2535 quaeras
512 2452 592 2515 hanc
621 2471 744 2535 quoque
765 2452 955 2536 farraginem
988 2453 1157 2517 maximam
1187 2448 1299 2515 saltem

183 2574 307 2653 partem
336 2573 466 2638 resectis
495 2571 643 2637 nimirum
672 2592 749 2656 quae
782 2574 993 2638 recentiorum
1025 2576 1100 2638 sunt
1132 2573 1297 2655 adipsum

184 2691 391 2759 Heliodorum
418 2692 612 2761 referendam
641 2710 725 2772 esse,
763 2696 865 2760 causis
894 2697 943 2760 sat
972 2695 1066 2760 certis
1097 2691 1296 2778 comprobari

186 2816 300 2897 potest.

272 2936 414 3021 Denique
434 2936 489 3016 iis,
513 2937 620 3021 quiin
642 2934 779 3022 plagulis
810 2938 860 3002 his
883 2936 1075 3022 corrigendis
1097 2935 1298 3002 familiariter

185 3075 248 3123 una
268 3078 392 3124 mecum
415 3078 541 3141 operam
562 3060 721 3143 ponebant
752 3058 840 3125 velut
868 3058 977 3123 Carolo
1000 3057 1097 3136 Voss,
1132 3057 1298 3141 Rudolpho
1355 3078 1360 3088 ·

186 3180 420 3263 Peppmueller,
463 3180 621 3245 l'riderico
651 3179 845 3258 Goldmann‚
888 3178 1101 3263 philosophiae
1132 3179 1194 3243 drr.
1225 3196 1299 3262 gra·

186 3301 249 3367 tias
272 3320 340 3385 ago.
601 3286 603 3290 ’

274 3436 391 3522 Scripsi
409 3437 501 3504 Halis
522 3436 679 3505 Saxonum
700 3437 766 3505 Cal.
790 3438 884 3504 Mart.
907 3456 934 3503 a.
957 3436 1209 3504 Muccurum.
