3134 4984
278 306 313 361 36
371 308 380 315 ‘
695 299 803 357 Seholie
820 299 849 356 in
869 300 962 357 nubes.

365 464 562 525 518-562.
607 451 735 543 [[ἓπτδι1
772 456 812 546 δὴ
844 454 946 525 όντων
982 459 1045 524 τῶν
1074 462 1131 546 τῆς
1163 449 1383 546 παραβάσεως

165 630 169 637 ,
275 568 398 651 μερῶν,
438 553 489 652 ἐφ’
521 558 656 629 ἕκαστον
690 566 754 628 τῶν
793 553 1037 646 ἀπολελυμέναι
1073 568 1169 651 τριῶν
1203 557 1336 628 τίθεται
1366 555 1387 650 ἡ

278 662 500 755 παράγραφος.
522 659 579 748 ούχ
600 657 695 755 ἦττον
716 665 752 733 δὲ
773 665 829 732 καὶ
850 664 910 733 ἐπὶ
929 670 987 733 τοῦ
1009 664 1124 750 μέλους
1145 662 1201 732 καὶ
1220 670 1276 732 τοῦ
1290 662 1386 751 ἑπιρ-

277 854 382 909 μετρον
399 835 429 888 ἐκ
442 829 608 907 χοριάμβσυ
626 832 673 887 καλ
691 835 822 900 βακχείου
863 829 941 885 τόδ
959 830 1060 903 ὅμοιον
1080 835 1120 901 τῷ
1138 829 1175 902 γ’.
1206 830 1238 885 τὸ
1259 830 1287 886 ε’
1311 828 1385 900 έκβ

274 920 450 997 χοριάμβων.
489 916 521 972 τὸ
540 915 565 981 ς’
584 915 615 971 ἐκ
636 914 785 988 διιάμβου,
816 913 976 992 χοριάμβου
1000 920 1048 970 καί
1070 919 1212 986 συλλαβῆς.
1249 916 1281 971 τό
1302 918 1329 979 ζ’
1355 917 1387 971 ἐκ

272 1005 435 1080 χοριάρᾼσυ
453 1007 500 1059 καὶ
518 1002 712 1080 ἀμφιμάκρου.
732 1003 769 1057 τὰ
783 1001 808 1069 η’
827 1004 857 1057 ἐκ
874 1002 1032 1079 χοριάμβου
1050 1007 1098 1058 καί
1114 1009 1255 1075 βακχείου.
1287 1005 1348 1058 εἶτα
1368 1003 1386 1072 ἦ

276 1091 436 1167 παράβασις
453 1091 483 1145 ἔκ
499 1094 652 1166 τροχαῖκῶν
668 1092 858 1164 τετραμέτρων
883 1092 1092 1157 καταληκτικῶν
1113 1088 1165 1164 με’
1189 1094 1386 1164 συνισταμένη,

277 1168 317 1236 ῶν
336 1182 491 1238 τελευταῖος

450 1279 477 1337 ές
494 1275 542 1338 τάς
559 1275 630 1352 ῶρας
645 1275 694 1337 τάς
711 1275 805 1351 ἑτέρας
825 1274 856 1330 εὖ
876 1283 991 1352 φρονεῖν
1009 1276 1169 1345 δοκησεται.

277 1386 387 1454 λέγεται
405 1380 438 1435 δέ
455 1379 605 1453 τροχαϊκὸν
623 1383 709 1434 τοῦτο
728 1378 760 1433 τὸ
777 1383 893 1454 μέτρον,
916 1380 968 1449 οὐχ
986 1377 1029 1435 ὅτι
1046 1377 1137 1451 μόνον
1156 1387 1301 1457 τροχαίους
1317 1381 1385 1449 ἔχει,

277 1469 335 1523 ἀλλ’
355 1468 384 1522 ee
400 1470 452 1521 τοῦ
471 1463 672 1527 πλεονάζοντος
690 1467 737 1519 καλ
753 1462 870 1537 μάλισθ’
891 1464 935 1519 ὅτι
954 1466 984 1519 ἰκ
1004 1465 1111 1528 παντὸς
1127 1466 1179 1520 τόν
1196 1466 1221 1528 ζ’
1240 1465 1316 1521 πόδα
1335 1467 1387 1522 τὸν

275 1553 331 1628 πρὸ
351 1558 398 1620 τῆς
415 1554 611 1619 καταληκτικῆς
637 1553 771 1620 συλλαβῆς
796 1557 931 1624 τροχαῖον
950 1552 1014 1622 ἔχει.
1051 1549 1208 1627 παράβασις
1225 1553 1257 1607 δὲ
1275 1556 1386 1623 λέγεται

274 1643 357 1696 τούτο
376 1639 407 1692 τὸ
425 1637 567 1708 σύστημα,
595 1636 638 1692 ὅτι
657 1639 686 1691 οἱ
703 1641 821 1704 ποιηταὶ
840 1635 877 1698 ῶς
893 1637 923 1691 ex
942 1634 1082 1709 στόματος
1101 1642 1151 1691 τοῦ
1164 1643 1255 1712 χοροῦ
1273 1639 1386 1710 ἐξέφαι-

276 1746 326 1783 νον
344 1724 414 1800 πρὸς
432 1722 498 1784 τοὺς
515 1721 628 1788 θεατάς,
656 1721 676 1776 ά
692 1720 838 1792 ἐβούλοντο
856 1726 992 1793 γενέσθαι
1010 1724 1107 1785 αὐτοῖς
1125 1722 1160 1784 ῶς
1180 1729 1297 1785 οἰκείοις
1315 1743 1387 1798 προ·

275 1810 381 1871 σῶποις
397 1815 455 1869 τοῖς
475 1815 573 1884 χοροῖς
591 1812 766 1883 κεχρημένοι,
797 1808 868 1880 ὅπερ
890 1811 938 1862 καὶ
962 1814 1012 1863 νῦν
1035 1799 1117 1869 οὗτος
1134 1816 1215 1865 ποιεῖ
1230 1810 1267 1863 δι’
1289 1813 1386 1867 αἰτίαν
1463 1804 1469 1811 ’

276 1895 418 1964 τοιαύτην
446 1893 531 1967 νόμος
559 1892 594 1962 ἦν
617 1895 778 1963 Ἀθηναίοις
803 1892 889 1966 μήπω
913 1894 976 1948 τινὰ
1003 1895 1073 1952 ἰτῶν
1100 1894 1124 1948 λ’
1152 1894 1290 1966 γεγονότα
1316 1894 1387 1964 μήτε

275 1986 370 2061 δρᾶμα
388 1976 590 2052 ἀναγινώσκειν
608 1979 639 2034 ἔν
658 1977 778 2055 θεάτρῳ,
797 1977 867 2050 μήτε
889 1980 1068 2055 δημηγορεῖν.
1086 1981 1172 2051 τούτῳ
1190 1988 1228 2051 τῷ
1245 1978 1323 2052 νόμῳ
1337 1984 1387 2035 καί

276 2066 437 2142 ὁκωμικός
465 2057 544 2126 οὗτος
570 2064 737 2139 εἰργόμενος
762 2064 899 2140 πρότερον
926 2064 976 2119 διά
1001 2066 1034 2120 τό
1059 2067 1099 2140 μὴ
1118 2066 1326 2141 τριακονταετης
1344 2067 1386 2121 ἔτι

274 2152 424 2225 ὑπάρχειν,
454 2156 544 2206 ποιῶν
565 2148 694 2227 δράματα
714 2151 762 2205 διά
783 2153 965 2208 Φιλωνίδου·
988 2156 1036 2205 καὶ
1052 2152 1265 2227 Καλλιστράτου
1291 2153 1386 2223 ἀνεγί-

275 2257 383 2296 νωσκεν
400 2243 439 2299 εἰς
454 2237 485 2292 τὸ
504 2241 635 2312 θέατρον,
655 2227 694 2291 ῶν
711 2236 741 2291 ἓν
759 2235 841 2304 ἦντὸ
865 2241 920 2291 τῶν
938 2240 1101 2292 Δαιταλέων
1118 2235 1286 2310 λεγόμενον,
1315 2239 1345 2292 ἰν
1364 2227 1387 2307 ᾦ

275 2325 328 2381 δύο
348 2323 482 2395 εἰσάγαγε
500 2323 632 2398 μειράκια
650 2321 855 2394 διαλεγόμενα,
875 2319 989 2398 σῶφρόν
1008 2342 1038 2379 τε
1056 2326 1104 2377 καὶ
1116 2322 1239 2396 αἰσχρόν.
1256 2329 1304 2379 καί
1315 2328 1386 2379 πολ-

275 2416 336 2472 λοῖς
359 2416 416 2466 τῶν
442 2415 553 2464 θεατῶν
577 2409 750 2484 ἰπηνέσθηί,
780 2410 811 2464 σι’
839 2414 934 2480 μέντοι
960 2413 1007 2464 καὶ
1036 2414 1179 2477 νενίκηκεν
1210 2411 1240 2466 ἰν
1262 2408 1386 2481 τούτῳό

274 2495 397 2566 ποιητής.
427 2494 525 2564 ἐπιβάς
544 2496 574 2550 δὲ
592 2493 645 2563 ἤδη
670 2501 719 2550 τοῦ
736 2492 759 2548 λ’
778 2496 871 2561 ἔτους,
901 2498 948 2549 καλ
968 2502 1048 2551 τοῦτο
1067 2495 1102 2563 δὴ
1122 2495 1154 2551 τό
1174 2503 1230 2552 τῶν
1249 2500 1386 2570 Νεφελῶν

274 2581 395 2650 ποιήσας
414 2580 449 2636 δι’
469 2582 568 2636 ἑαυτοῦ
588 2580 729 2646 διδάσκει,
746 2584 795 2636 καὶ
812 2586 886 2635 αἰτεῖ
904 2583 982 2657 παρά
1000 2588 1057 2638 τῶν
1074 2587 1195 2649 θεατῶν,
1214 2581 1292 2638 άδεῖ
1307 2585 1386 2654 γενέ-

274 2676 345 2723 σθαι
367 2666 455 2738 αύτῷ,
477 2665 539 2735 ἤτοι
564 2665 595 2722 τό
613 2671 726 2735 νικῆσαι
750 2673 789 2737 τῷ
812 2664 944 2742 δράματι.
973 2660 1065 2745 viee]
1119 2667 1203 2723 ιδιά
1223 2670 1385 2724 Φιλωνίδου

273 2755 350 2825 Reg„
369 2757 401 2809 ut
418 2753 609 2810 emendaverat
625 2753 812 2820 Hermennus,
839 2754 909 2810 Viet.
925 2759 973 2809 καὶ
993 2759 1056 2810 φιλ.
1146 2754 1164 2810 b
1188 2756 1309 2830 ἰπηνέθη
1331 2755 1386 2810 Re·

273 2842 344 2912 gius.
364 2840 435 2896 Dfib.
455 2840 598 2916 έπηνέσθη

365 2944 382 2998 1
414 2939 493 2997 Alius
522 2936 719 2997 Grammaticus
754 2941 821 2997 haee
853 2938 946 2996 doeet:
978 2939 1000 2996 ὦ
1028 2939 1188 3012 δεώμενοιε
1226 2938 1387 3016 παράβασις

272 3033 323 3084 τοῦ
336 3033 429 3104 χοροῦ
445 3028 478 3085 R.
497 3028 530 3082 V.
571 3022 635 3108 [Η
654 3025 815 3103 παράβασις
837 3029 919 3083 δοκεῖ
942 3028 996 3101 μὲν
1020 3027 1051 3082 ἐκ
1069 3033 1119 3082 τοῦ
1133 3031 1221 3104 χοροῦ
1242 3031 1386 3098 λέγεσθαι.

273 3112 384 3185 εἰσάγει
405 3114 437 3169 δέ
456 3112 487 3168 τὸ
507 3114 605 3169 ἑαυτοῦ
619 3112 776 3190 πρόσωπον
795 3112 810 3167 ό
828 3100 972 3185 ποιητήςά
999 3111 1157 3188 παράβασις
1173 3114 1208 3168 δέ
1222 3113 1299 3168 ἔστιν
1316 3111 1386 3169 όταν

272 3201 323 3255 ’ἐκ
345 3206 392 3269 τῆς
413 3204 549 3276 προτέρας
573 3198 695 3261 στάσεως
713 3199 833 3274 ὀχυρὸς
858 3200 981 3274 μεταβὰς
1004 3200 1108 3260 οὕτως’)
1135 3200 1296 3275 άπαγγέλλη
1313 3201 1388 3276 πρὸς

273 3286 326 3343 τόν
345 3287 437 3359 δῆμον
453 3287 575 3362 ἀφορῶν.
595 3287 666 3358 (εἴδη
687 3286 718 3341 δὲ
736 3284 924 3360 παραβάσεων
941 3284 1025 3341 ἑπτά·
1042 3287 1119 3341 ἀπλά
1135 3286 1190 3358 μὲν
1208 3293 1288 3363 τρία,
1312 3285 1384 3342 κατά

274 3372 305 3427 δὲ
324 3375 440 3442 σχέσιν6
458 3372 637 3447 τέσσαρα.τά
656 3373 709 3444 μέν
727 3371 778 3426 οὖν
796 3373 873 3427 άπλά
891 3374 949 3427 ἐστι
968 3379 1067 3428 ταῦτα·
1086 3373 1261 3447 κομμάτιον·
1291 3374 1383 3449 παρά-

272 3466 354 3528 βασις
373 3456 541 3531 ὁμωνύμως,
565 3457 582 3526 ἢ
599 3461 646 3513 καὶ
666 3456 841 3519 ἀνάπαιστος
856 3461 994 3526 καλεῖται,
1020 3461 1082 3514 ἐπεὶ
1100 3458 1235 3519 πολλάκις
1252 3460 1282 3514 έν
1298 3458 1383 3535 ταύτῃ

273 3543 332 3615 ᾱτῷ
351 3545 513 3613 ἀναπαίστῳ
526 3548 642 3617 χρῆται·
669 3551 803 3615 οπνῖγος,
833 3544 915 3599 ὃκαὶ
933 3544 1049 3622 μακρόν.
1078 3545 1113 3600 τά
1132 3547 1163 3601 δὲ
1185 3544 1255 3600 κατὰ
1276 3550 1381 3617 σχέσιν,

274 3627 396 3705 στροφή,
419 3629 610 3705 ἀντίστροφος,
637 3630 790 3706 ἐπίρρημα,
816 3631 1017 3706 άντεπίρρημα,
1035 3631 1050 3700 ἡ
1066 3632 1119 3704 μὲν
1139 3631 1191 3690 οὖν
1210 3631 1315 3708 στροφὴ
1333 3633 1380 3685 καὶ

273 3715 465 3789 ἀντίστροφος
490 3722 712 3787 συνεμπίπτουσι
740 3716 809 3771 κατὰ
834 3715 867 3770 τό
885 3725 988 3790 μέτρον
1006 3721 1054 3771 καλ
1070 3717 1105 3771 τά
1122 3721 1210 3772 κῶλα·
1239 3715 1328 3772 πάλιν
1345 3716 1378 3783 τό

273 3801 412 3878 ἐπίρρημα
435 3804 482 3856 καὶ
499 3802 531 3856 τό
550 3800 751 3879 άντεπίρρημα,
791 3803 876 3873 [τινὲς
899 3804 931 3859 δὲ
954 3808 1139 3880 προστιθέασι
1160 3807 1207 3858 καλ
1233 3802 1308 3873 ᾠδὴν
1331 3804 1379 3856 καὶ

273 3885 408 3959 ἀντιμδην.
430 3889 526 3958 έχουσι
544 3888 599 3964 γάρ
617 3893 766 3945 καὶταῦτα
785 3893 882 3960 σχέσιν
901 3889 973 3966 πρὸς
991 3889 1116 3962 ἄλληλα]
1150 3892 1167 3958 η
1183 3892 1237 3962 μὲν
1255 3887 1305 3944 οὖν
1322 3909 1379 3944 πα·

271 3972 389 4049 ράβασις
406 3975 423 4027 ό
439 3976 469 4029 ἰκ
483 3973 587 4030 τούτων
601 3980 768 4048 συγκειμένη
787 3980 879 4031 τελεία
897 3977 964 4031 ἔστί.
986 3980 1041 4031 εἰσὶ
1059 3977 1090 4032 δὲ
1108 3979 1156 4030 καὶ
1168 3975 1273 4039 ἀτελεῖς
1284 3996 1377 4051 παρα-

271 4057 378 4128 βάσεις,
398 4051 437 4114 ῶν
456 4061 514 4116 ἔστι
533 4066 580 4116 καὶ
598 4060 684 4132 αὕτη.)
755 4061 864 4123 αέκτὸς
881 4084 958 4139 προτ.
976 4063 1008 4117 Β.
1028 4063 1057 4118 ἐκ
1073 4067 1119 4132 τῆς
1136 4068 1272 4139 προτέρας
1290 4063 1378 4122 Dfibn.

270 4144 288 4199 b
310 4142 397 4208 οὕτως
414 4147 447 4200 V.
466 4150 495 4205 et
511 4151 543 4203 ut
560 4149 665 4205 videtur
688 4150 730 4216 R„
750 4150 779 4204 in
799 4164 851 4219 que
869 4150 964 4206 literae
983 4154 1161 4207 evanuerunt.
1187 4151 1332 4224 ἀπυγγέλη
1345 4150 1378 4205 Β.

270 4228 333 4286 Ald.
365 4232 520 4309 ἀπαγγείλῃ
536 4236 570 4290 V.
607 4236 752 4310 ἀπαγγέλη
771 4236 860 4293 Βῆἰιυ.
966 4239 1060 4306 αεῖδη
1080 4240 1111 4293 δὲ
1129 4242 1175 4306 τῆς
1194 4237 1378 4313 παραβάσεως

272 4314 347 4373 ἁπλᾶ
364 4315 391 4391 γ’
411 4322 458 4372 καὶ
477 4322 556 4393 ι’κατά
582 4326 680 4393 σχέσιν
697 4324 730 4379 V.
766 4323 935 4382 scribendum
959 4328 1002 4382 est
1029 4326 1090 4394 εἴδη
1121 4325 1153 4380 δέ
1181 4330 1228 4393 τῆς
1250 4342 1279 4379 π.
1298 4321 1379 4391 ἑπτά,
