3134 4984
580 274 652 329 48
1431 271 1645 328 Scholia
1678 271 1737 327 in
1775 272 1957 329 nubes.

580 428 692 517 κγ’.
746 422 832 496 ὧν
875 423 1275 517 προτίθεται
1314 431 1523 496 κῶλον
1566 426 1873 515 ἰαμβικὸν
1916 421 2326 515 μονόμετρον.
2380 423 2416 496 ὃ
2463 426 2537 495 δὲ
2575 430 2796 495 τελευ-

580 539 765 614 ταῖος
801 528 1041 602 τούτων

862 656 956 708 καὶ
986 654 1103 728 μὴν
1137 653 1170 707 δ
1209 674 1262 707 τι
1300 656 1395 708 καὶ
1430 657 1598 716 λέξεις
1633 652 1870 708 ἀκοῦσαι
1904 653 2198 727 βούλομαι.

579 756 696 828 ἐπὶ
740 761 834 846 τῷ
872 754 1040 823 τέλει
1089 753 1377 845 κορωνίς.
1453 753 1747 845 κέχρηται
1792 755 1866 823 δὲ
1921 752 2507 849 1προαναφωνήσει
2551 762 2649 846 τῷ
2691 756 2796 826 ἷού
2853 780 2858 789 ’

579 859 701 931 ἶού.
756 857 922 939 τινὲς
965 858 1037 927 δὲ
1080 856 1333 927 ἁπλοῦν
1371 858 1447 927 τὸ
1491 856 1593 926 ἶού
1638 856 1899 950 φασίν]

756 972 1024 1033 1345—
1046 971 1232 1033 1352.
1326 962 1494 1049 Ι[σὸν
1559 960 1789 1053 ἔργονε
1849 959 2171 1045 Εἴσθεσις
2222 971 2442 1055 χοροῦ,
2507 973 2803 1057 στροφῆς

576 1070 696 1159 μὲν
737 1065 926 1157 λόγον
965 1065 1196 1151 ἔχουσα
1242 1066 1352 1134 διὰ
1396 1066 1471 1135 τὸ
1517 1064 1681 1150 ἔχειν
1723 1067 1835 1135 καὶ
1876 1065 2303 1158 ἀντίστροφον
2345 1070 2423 1138 τὸ

1209 1189 1376 1262 οἶμαί
1406 1206 1471 1261 γε
1505 1193 1617 1243 τῶν
1653 1193 1956 1264 νεωτέρων,

574 1288 650 1386 ἧς
693 1293 880 1362 οὐδὲν
921 1291 1233 1382 διενήνοχε
1255 1314 1270 1331 ·
1345 1292 1680 1381 προῳδικὴ
1740 1291 1842 1373 δέ,
1898 1292 2009 1359 διὰ
2052 1293 2128 1361 τὸ
2175 1291 2638 1382 προτίθεσθαι
2680 1294 2800 1362 καὶ

578 1396 998 1489 προᾴδεσθαι
1037 1398 1150 1486 τῆς
1193 1398 1447 1486 διπλῆς.
1531 1399 1557 1437 ²
1573 1392 1614 1484 ἢ
1651 1396 1855 1485 διπλῆ
1910 1396 2018 1462 καὶ
2061 1391 2357 1477 εἷ’σθεσις
2401 1395 2495 1477 εἰς
2539 1395 2794 1486 ἓπῳδι-

577 1501 689 1592 κὴν
727 1498 958 1589 τριάδα
1012 1497 1091 1588 ⁸³5
1134 1497 1410 1586 τετράδα
1451 1497 1673 1565 κώλων
1720 1497 1817 1580 ἕξ,
1875 1490 1963 1565 ὦν
2001 1499 2083 1566 τὰ
2121 1500 2237 1585 μὲν
2280 1501 2554 1588 περιττὰ
2594 1498 2798 1586 ὅμοια

573 1609 712 1684 τοῖς
768 1596 1096 1693 ανωτέρω,
1171 1601 1254 1668 τὰ
1297 1601 1370 1670 δὲ
1423 1599 1617 1691 ἄρτια
1668 1598 1943 1686 Ιωνικοί,
2017 1600 2306 1691 ἡμιόλια,
2354 1604 2464 1673 διὰ
2506 1604 2583 1673 τὸ
2625 1631 2795 1688 εχειν

574 1707 747 1794 πρὸς
786 1711 881 1796 τῷ
922 1704 1052 1795 ὅλῳ
1082 1704 1194 1774 καὶ
1221 1705 1298 1774 τό
1333 1703 1526 1796 ἥμισυ
1568 1711 1685 1774 τοῦ
1726 1703 2009 1775 Ἰωνικοῦ
2023 1758 2039 1789 ,
2082 1703 2462 1793 καλούμενα,
2506 1705 2793 1798 αδιαφο-

573 1816 807 1900 ροῢντα
851 1809 966 1899 τὴν
1013 1804 1274 1899 πρώτην
1320 1804 1656 1899 συλλαβήν.
1742 1810 1819 1877 τὸ
1863 1808 2088 1895 μέντοι
2129 1801 2534 1896 τελευταῖον,
2599 1807 2639 1878 ὃ
2678 1810 2793 1879 καὶ

572 1909 865 2004 ἐπῳδός,
914 1910 1001 1993 ὡς
1040 1910 1158 1980 ἐπὶ
1198 1918 1294 2002 τῷ
1337 1912 1510 1980 τέλει
1551 1917 1668 2002 τῆς
1706 1909 1874 2003 ᾠδῆς
1915 1914 2294 1998 τιθέμενον,
2342 1913 2611 2002 λέγεται,
2655 1911 2790 1982 ἀντ’

566 2012 850 2086 Ἰωνικοῦ
894 2013 1307 2105 ἑπίτριτον’
1279 2013 1426 2099 ε’χει.
1509 2014 1581 2083 έν
1634 2013 1902 2118 ἐκθέσει
1966 2016 2038 2086 δὲ
2084 2016 2293 2102 στίχοι
2337 2013 2451 2086 δύο
2489 2014 2792 2102 ἶαμβικοὶ
2845 2091 2854 2098 ‚

572 2117 989 2212 τετράμετροι
1031 2116 1512 2210 καταληκτικοί,
1557 2112 1778 2206 ὅμοιοι
1816 2125 1957 2200 τοῖς
2000 2118 2159 2212 εξῆς.
2230 2119 2437 2202 4ἔθος
2479 2119 2598 2210 γάρ
2646 2119 2791 2188 ἐστι

571 2223 974 2321 προτιθέναι
1039 2230 1152 2316 τῆς
1216 2226 1453 2352 διπλῆς
1509 2221 1829 2308 διστιχίαν
1891 2225 2054 2310 μετὰ
2120 2225 2233 2316 τὴν
2305 2222 2614 2315 περίοδον
2673 2230 2793 2315 τῆς

571 2326 982 2418 κορωνίδος
958 2326 1000 2418 ἠ
1037 2335 1148 2418 τῆς
1192 2320 1375 2418 ᾠδῆς.
1422 2327 1540 2396 ἐπὶ
1596 2333 1689 2417 τῷ
1734 2327 1903 2397 τέλει
1957 2325 2388 2420 παράγραφος
2429 2330 2540 2397 καὶ
2584 2332 2789 2433 διπλῆ

577 2430 748 2502 ὅέσω
783 2434 1166 2520 νενευκυῖα]

748 2544 1229 2606 1353—1390.
1318 2534 1428 2605 καὶ
1469 2535 1592 2626 μὴν
1642 2534 1801 2604 ὅθεν
1841 2561 1961 2624 ys:
2027 2537 2382 2629 [Κορωνὶς
2423 2565 2532 2605 και
2575 2536 2792 2623 στίχοι

569 2641 788 2730 ὅμοιοι
839 2647 970 2731 θτῷ
1009 2636 1303 2729 διστιχίῳ
1343 2634 1456 2726 λγ’.
1518 2631 1605 2706 ὧν
1648 2642 2011 2722 τελευταῖος

780 2765 1044 2838 ἐξέφερον
1081 2760 1154 2819 ἂν
1191 2764 1285 2816 καὶ
1321 2759 1697 2838 προύσχόμην
1733 2779 1822 2817 σε·
1862 2762 1931 2817 σὺ
1971 2764 2041 2817 δέ
2071 2782 2147 2836 με
2182 2768 2284 2818 νῦν
2319 2762 2613 2836 ἀπάγχων.

566 2859 721 2952 μεθ’
761 2861 835 2935 ὃν
880 2860 1029 2954 τρία
1076 2867 1255 2933 κῶλα
1298 2861 1568 2951 ἶαμβικὰ
1606 2862 1877 2956 δίμετρα
1916 2859 2349 2955 ἅκατάληκτα,
2407 2867 2520 2935 καὶ
2566 2865 2792 2952 στίχος

567 2969 794 3056 ὅμοιος
839 2974 980 3039 τοῖν
1025 2964 1220 3057 ι’ίνω.“Η
1395 3024 1431 3063 Α

747 3084 912 3145 1391
932 3114 1021 3125 —-
1041 3083 1207 3143 1397
1214 3124 2787 3147 ................

744 3187 1013 3248 1398-
1034 3187 1219 3249 1444.
1313 3174 1690 3265 [Εἲσθεσις
1744 3172 1967 3267 ἑτέρας
2020 3179 2256 3269 διπλῆς
2301 3175 2652 3266 ἅμοιβαίας
2709 3181 2791 3250 ἐκ

565 3280 802 3366 στίχων
852 3280 1215 3369 θῖαμβικῶν
1258 3280 1698 3370 τετραμέτρων
1741 3283 2219 3371 καταληπτικῶν
2258 3283 2343 3368 μέ
2360 3337 2376 3367 ,
2437 3277 2525 3351 ὦν
2556 3286 2790 3353 ’τελευ-

563 3392 749 3467 ταῒος
1759 3377 1770 3383 ’

854 3491 954 3560 τὴν
986 3491 1177 3566 μητέςί
1220 3492 1407 3566 ὥσπερ
1444 3493 1538 3545 καὶ
1575 3490 1638 3546 σὲ
1671 3490 1944 3561 τυπτήσω.
1992 3498 2050 3547 τί
2084 3493 2219 3561 δῆτα
2256 3492 2366 3568 φῂς
2401 3493 2485 3550 σύ.

569 3614 656 3622 ι--ι

736 3687 764 3743 1
814 3683 1314 3761 προαναφωνήσει,
1350 3687 1483 3743 haec
1514 3703 1643 3753 vox,
1694 3705 1854 3760 quam
1907 3689 2200 3745 scholiasta
2244 3689 2376 3744 alibi
2411 3690 2583 3746 vitare
2619 3692 2785 3759 solet,

565 3778 629 3826 cs.
669 3774 825 3843 paulo
878 3789 1039 3842 supra
1095 3777 1273 3828 κῶλον
1322 3773 1587 3846 ἰαμβικὸν
1640 3795 1850 3848 μονομ.
1900 3779 1958 3832 et
2006 3775 2169 3831 schol.
2222 3777 2362 3832 1259
2407 3776 2466 3831 in
2506 3777 2787 3834 veteribus

561 3861 777 3916 scholiis
816 3860 1254 3930 frequentissima
1289 3864 1375 3916 est
1409 3860 1476 3915 cf.
1512 3860 1676 3917 schol.
1715 3878 1828 3931 pac.
1873 3863 2009 3920 1191
2047 3867 2103 3919 et
2135 3860 2261 3918 nub.
2290 3863 2443 3923 1170.
2583 3867 2618 3921 2
2641 3865 2784 3922 Tra-

565 3950 761 4004 duntur
793 3947 920 4003 inde
952 3946 1019 4003 ab
1056 3946 1158 4002 hoo
1193 3947 1308 4003 loco
1343 3947 1508 4002 verba
1540 3948 1821 4004 Heliodori
1855 3951 1958 4005 etsi
1993 3952 2218 4005 mutata.
2394 3953 2430 4006 3
2467 3949 2502 4016 ἢ
2535 3950 2784 4026 τετράδα

561 4034 986 4090 additamentum
1022 4036 1106 4089 est
1147 4033 1481 4098 scholiastae.
1696 4037 1734 4092 4
1777 4036 1843 4091 cf.
1884 4036 2048 4093 schol.
2086 4037 2211 4109 nub.
2246 4035 2352 4093 476
2389 4039 2445 4092 et
2479 4041 2787 4115 κωλομετρ,

561 4122 685 4174 mih.
721 4122 844 4178 476.
983 4123 1018 4179 5
1058 4121 1157 4183 ἔξω
1297 4125 1331 4178 6
1361 4121 1429 4175 In
1461 4123 1642 4177 vetere
1681 4123 1882 4179 scholio
1920 4123 2227 4189 Heliodori‚
2261 4123 2415 4179 unde·
2439 4126 2614 4194 petita
2645 4132 2790 4184 sunt

561 4210 688 4262 lus-uc
720 4207 909 4273 verba,
949 4207 1153 4277 legitur
1187 4214 1265 4277 τῷ
1303 4209 1566 4279 διστίχῳ.,
1606 4225 1725 4265 cum
1758 4211 2022 4268 recentior
2054 4210 2345 4267 scholiasta
2362 4210 2494 4267 alibi
2519 4213 2787 4286 διστιχία

561 4294 786 4351 scribere
823 4294 996 4351 soleat
1037 4295 1102 4350 cf.
1143 4295 1305 4351 schol.
1343 4295 1471 4351 nub.
1509 4297 1660 4354 1345.
