3134 4984
283 322 319 377 42
523 350 529 360 ι
704 324 812 381 Scholia
834 324 863 380 in
881 323 974 382 nubes.

283 475 436 565 ἰαμβικὸν
465 476 616 571 δίμετρον
643 475 874 570 οἰκατάληκτον.
912 480 952 550 τδ
982 480 1121 569 ἕβδομον
1153 481 1188 550 ἐκ
1214 481 1394 572 χοριάμβου

283 581 339 649 καί
377 583 531 670 διιοίμβου
567 582 727 673 δίμετρον.
772 585 811 654 τὸ
844 583 958 673 όνδοον
982 586 1196 676 χοριαμβικδν
1222 585 1393 677 τρίμετρον

283 682 509 778 ἅκατοίληκτον.
530 686 574 758 τδ
591 685 702 756 ένατον
723 686 836 774 ὅμοιον
853 695 909 778 τῷΙ
922 688 1021 779 ἕκτῳ,
1044 687 1176 781 ἐχοίσης
1193 686 1395 760 ἀνάπαιστον

281 793 339 880 τῆς
360 783 523 883 α’ρχούσης.
544 792 583 861 τὸ
602 791 738 860 δέκατον
754 792 968 884 χοριαμβικδν
983 791 1131 885 δίμετρον
1145 792 1393 885 καταληκτικόν·

282 889 340 966 εἰτ’
359 889 414 965 οὖν
434 894 470 964 ἐκ
491 893 669 987 χοριόμβου
689 897 745 966 καί
766 896 948 987 βακχείουῆ]

372 1027 567 1088 814-888.
612 1015 728 1108 [[οἰίτοι
757 1020 805 1106 μὰ
833 1020 892 1111 τῆν
918 1017 1091 1111 Ὁμίχληντ
1120 1020 1271 1108 Κορωνὶς
1297 1018 1393 1110 ἑτέρα

282 1121 398 1209 ὁμοία,
421 1119 453 1190 οἰ
475 1123 511 1192 δέ
533 1121 638 1207 στίχοι
661 1122 807 1210 ἰαμβικοί
827 1122 992 1214 τρίμετρον
1007 1117 1221 1215 οἰκατόληκτοι
1247 1124 1324 1194 1οεῖ
1347 1118 1394 1193 ὦν

283 1228 465 1309 τελευταῖος

421 1349 494 1420 πρὸς
511 1347 604 1406 πάντα
621 1349 655 1404 τὰ
674 1351 758 1404 δίκαι’
777 1351 937 1421 ἀντιλέγειν
956 1350 1111 1419 δυνήσεται.

283 1448 343 1519 ἐπὶ
364 1455 411 1540 τῷ
432 1450 518 1519 τέλει
540 1450 690 1541 κορωνίς,
723 1450 778 1519 καί
800 1449 873 1543 ἑξῆς
894 1451 932 1521 τδ
949 1460 1059 1542 χοροῦ·
1092 1449 1210 1543 ι’όφειλε
1231 1452 1293 1540 γὰρ
1316 1442 1393 1516 κόν-

281 1558 393 1622 ταῆδα
414 1560 526 1623 θεῖναι
542 1552 654 1644 χορόν,
676 1552 769 1645 δίχρις
788 1553 831 1622 δν
850 1553 883 1624 οἰ
902 1555 993 1643 λόγοι
1013 1555 1203 1645 ἐξέλθωσι]

370 1684 566 1746 889-933.
610 1672 725 1764 [χώρει
748 1674 837 1765 δευρί
844 1702 852 1746 :
866 1658 1027 1758 Είσθεσίς
1049 1679 1169 1768 διπλῆς
1189 1674 1271 1744 κατὰ
1285 1680 1393 1766 σχῆμα

283 1782 451 1848 δικανικὸν
474 1779 510 1849 έκ
532 1776 642 1849 κώλων
663 1773 908 1848 α’ναπαιστικῶν
928 1781 988 1865 με’.
1011 1774 1054 1849 ὧν
1076 1782 1114 1851 τδ
1134 1777 1199 1872 κη’,
1215 1781 1253 1849 τὸ
1268 1775 1318 1847 λε’
1334 1777 1392 1845 καὶ

281 1884 320 1952 τὸ
341 1884 403 1951 λό’
423 1883 608 1973 μονόμετρα
633 1881 847 1975 οἰκατοίληκτα.
877 1885 920 1953 τὰ
942 1885 978 1953 δέ
999 1886 1101 1954 λοιποὶ
1124 1882 1234 1953 ποίντα
1257 1882 1393 1971 δίμοιρα

281 1984 500 2079 ᾆκατόληκτα,
522 1995 586 2057 τῶν
606 1985 664 2058 δόο
686 1989 875 2078 προσώπων
896 1987 942 2069 ὡς
963 1989 1219 2058 ε’πιτοπλεῖστον
1241 1986 1392 2078 δίμοιρον

282 2096 386 2162 κῶλον
403 2090 660 2177 ἀποτελούντων,
687 2087 731 2160 ιδν
749 2093 789 2162 τὸ
810 2097 991 2162 τελευταῖον

422 2213 547 2270 κλαύσει·
566 2214 617 2283 τὴν
630 2216 700 2287 χεῖρ’
721 2213 887 2285 ἓπιβιίλλεις,

281 2316 511 2408 έφθημιμερές.
548 2314 655 2384 ἰστέον
676 2317 712 2385 δέ
740 2314 792 2384 ότι
812 2317 851 2385 τὸ
874 2311 929 2406 κη’
950 2319 1051 2384 κῶλον
1078 2316 1293 2405 τετρόβραχυν
1315 2313 1390 2400 έῆει,

281 2420 353 2512 ῆτοι
383 2421 696 2511 προκελευσματικδν
724 2420 781 2489 τὸν
810 2426 941 2508 πρῶτον
972 2417 1062 2487 πόδα
1085 2412 1155 2487 ἀντὶ
1178 2413 1392 2489 οἰναπαίστου.

282 2524 445 2593 διαλύεται
477 2524 536 2613 γὰρ
566 2521 715 2613 ῆμακροί
743 2530 803 2591 τοῦ
831 2522 1034 2591 α’ναπαίστου
1062 2521 1109 2603 εἰς
1138 2520 1194 2591 δίο
1220 2521 1391 2613 βραχείας·

282 2626 326 2708 ὡς
346 2628 401 2695 καί
423 2633 480 2695 τοῦ
503 2625 619 2714 ἰάμβου
637 2627 693 2695 καί
714 2636 770 2695 τοῦ
794 2626 944 2717 τροχαίου
970 2627 1025 2696 καί
1045 2633 1110 2694 τῶν
1131 2630 1257 2695 λοιπῶν
1278 2653 1393 2716 τετρα-

283 2728 450 2818 συλλόβων
471 2733 595 2799 ποδῶν.
626 2731 685 2800 έπί
705 2738 755 2821 τῷ
776 2732 862 2800 τέλει
883 2735 986 2822 διπλῆ
1008 2728 1070 2813 ἔξω
1089 2737 1270 2819 νενευκυῖα]

371 2861 567 2921 934-948.
614 2851 820 2940 ῆπαόσασθε
847 2852 973 2943 μοίχηςε
999 2850 1158 2931 ’Έκθεσις
1189 2859 1247 2943 τῆς
1273 2853 1393 2942 διπλῆς

284 2956 517 3046 συστηματικῆ,
546 2954 594 3036 εἰς
616 2952 672 3023 δύο
695 2952 869 3044 περιόδους
890 2955 1061 3047 διῃρημένη
1082 2955 1119 3023 ἐκ
1138 2951 1249 3024 κώλων
1270 2953 1394 3041 ὁμοίων

282 3057 527 3127 οἰναπαιστικῶν
557 3057 618 3128 ιε’·
655 3052 699 3126 ὧν
725 3064 781 3150 τῆς
812 3059 943 3150 προίιης
972 3056 1127 3147 περιόδου
1147 3061 1235 3127 κῶλα
1257 3057 1392 3149 δίμετρα

282 3158 485 3255 οἰκοτυίληκτα
506 3159 546 3231 ε’.
590 3162 648 3231 καὶ
682 3162 737 3232 2έν
758 3163 890 3232 ἐκθέσει
918 3162 1012 3253 ἕτερα
1041 3160 1097 3231 δίο
1128 3162 1227 3249 ὅμοια
1256 3162 1392 3253 δίμετρα

282 3266 495 3358 οἰκατοίληκτα.
532 3273 590 3358 τῆς
623 3267 659 3336 δέ
681 3268 831 3357 δευτέρας
861 3262 1017 3356 περιόδου
1038 3270 1132 3342 κῶλα,
1148 3265 1251 3335 δκτώ·
1288 3260 1333 3334 ὧν
1353 3267 1393 3337 τδ

282 3380 415 3464 πρῶτον
434 3367 628 3461 μονόμετρον
648 3368 869 3461 οἰκατόληκτον.
896 3371 936 3439 τοὶ
961 3368 1032 3461 ἑξῆς
1053 3367 1091 3453 ἓξ
1110 3368 1244 3461 δίμετρα
1266 3364 1393 3439 οἰκατό-

282 3479 395 3568 ληκτα·
418 3476 456 3544 τὸ
478 3475 513 3544 δὲ
534 3478 714 3544 τελευταῖον
735 3472 973 3565 έφθημιμερές,
1002 3471 1021 3543 ὃ
1043 3477 1190 3542 καλεῖται
1211 3499 1392 3565 παροιμια-

281 3577 346 3649 κόν.
369 3579 426 3648 ἐπὶ
447 3586 494 3668 τῷ
515 3573 600 3647 τέλει
621 3585 680 3646 τοῦ
701 3575 832 3669 πρώτου
855 3574 1058 3669 συστήματος
1080 3574 1309 3669 παρόμραφος·
1332 3577 1392 3647 ε’πί

282 3684 319 3753 δέ
345 3689 392 3772 τῷ
420 3683 506 3751 τέλει
533 3688 590 3751 τοῦ
618 3684 767 3772 δευτέρου
798 3682 854 3750 δίο
883 3685 1014 3765 διπλαῖ,
1050 3681 1071 3772 ῆ
1097 3683 1156 3768 μὲν
1178 3681 1213 3751 έν
1233 3676 1312 3772 οἰρχῆ
1334 3688 1394 3751 τοῦ

282 3787 400 3870 κώλου,
423 3785 443 3877 ἡ
464 3787 501 3855 δὲ
523 3787 606 3854 κατὰ
626 3787 665 3855 τδ
689 3786 812 3875 τέλος.]]

370 3917 565 3979 949-960.
620 3910 699 3996 ῆνῆν
739 3905 913 3989 δείξετονι
948 3902 1110 3987 Εἰσθεσις
1145 3908 1261 3993 μέλους
1294 3913 1394 3996 χοροῦ

282 4012 465 4103 προωδικῆ,
505 4020 649 4103 στροφῆς
676 4007 771 4100 λόγον
803 4009 930 4095 έχουσα.
971 4009 1040 4094 ἰῆει·
1064 4010 1200 4099 γὰρκαὶ
1222 4011 1393 4100 οἰντιστρο-

282 4117 346 4208 φὴν
368 4116 406 4185 τὸ

369 4350 385 4405 1
406 4346 448 4410 οζ’
469 4346 525 4403 cod.
544 4346 610 4419 Reg.
630 4345 707 4403 2821.
796 4345 814 4401 2
833 4345 942 4400 ἐκθέσει
960 4345 1143 4411 Romaanus,
1170 4349 1292 4400 εἰσοίσει
1309 4343 1372 4399 ΑΙδ.
