3134 4984
1236 298 1287 353 113

180 460 213 522 et
228 454 322 540 equit.
334 456 446 539 1263),
468 454 505 519 de
522 473 582 537 quc
599 472 692 520 versu
706 453 900 538 Hephaestio
914 455 992 520 haec
1007 453 1106 520 tradit
1125 456 1284 539 ,Προσο-

181 558 292 625 διακὸν
310 556 356 639 τὰ
372 556 409 637 ἐξ
428 554 559 644 ἶωνικῆς
581 556 636 622 καὶ
663 561 876 644 χοριαμβικῆς
899 596 957 622 —-.
992 554 1139 624 Δύνατοιι
1160 555 1217 622 καί
1239 553 1286 635 εἷς

178 659 287 750 τρίτον
308 652 510 726 ἀνάπαιστον
533 661 735 747 διαιρεῖσθαι
757 661 842 745 (fort
864 663 955 727 scrib.
986 657 1033 739 εἰς
1054 657 1191 748 τρίπουν
1209 652 1287 725 οἶνοί-

180 768 345 851 ιταιστον).
389 768 529 850 sequitur
560 757 797 830 ἅναιταιστικὸν
824 760 972 852 δίμετρον
994 756 1212 853 ἇκατοίληκτον
1233 765 1286 850 (cf.

181 871 278 936 schol.
301 890 368 954 pac.
384 874 462 952 459)
490 870 542 934 vel
565 860 770 946 ἀνάπαιστος
790 865 939 955 δίμετρος
959 864 1194 957 ἀνατείλαντος,
1233 870 1287 953 qui
1310 948 1314 956 Ι

181 976 209 1040 si
234 977 283 1040 est
314 974 515 1053 catalecticus
545 967 592 1048 εἰς
624 971 782 1059 συλλαβὴν
810 992 964 1057 nusquam
992 976 1124 1040 vocatur
1150 967 1288 1061 ,ἑφθη-

180 1075 349 1165 μιμερὴς“,
373 1077 428 1143 6611
450 1076 564 1158 ubique
586 1071 761 1161 ,δίμετρον
783 1070 1047 1164 κατοληντικόν.“

268 1184 316 1247 De
336 1181 471 1247 iambico
493 1183 610 1259 metro,
640 1179 723 1262 quod
749 1200 805 1264 per
835 1180 992 1264 dipodiam
1023 1180 1163 1247 caeditur
1187 1200 1288 1265 pauca

183 1286 315 1352 dicenda
334 1285 490 1350 videntur.
536 1284 626 1348 colon
647 1282 766 1349 duobus
789 1283 918 1367 pedibus
942 1285 1132 1365 subsistens,
1164 1285 1191 1350 si
1216 1305 1287 1352 ver-

182 1390 267 1455 sibus
290 1390 345 1454 aut
365 1389 442 1453 colis
462 1387 600 1452 eiusdem
621 1388 986 1467 metri-intermiscetur,
1008 1389 1184 1473 appellatur
1205 1411 1288 1470 ,,μο-

182 1489 361 1578 νόμετρον<1
381 1491 434 1576 (cf.
456 1491 553 1555 schol.
577 1510 623 1573 eq.
640 1499 721 1569 911,
743 1490 979 1571 4616111263,
1003 1494 1097 1577 407),
1118 1495 1167 1557 sin
1189 1493 1289 1559 versi·

183 1597 241 1662 bus
260 1596 342 1661 alius
362 1595 456 1660 metri
476 1590 638 1681 ,ἰαμβικὴ
653 1592 774 1676 βάσις“
798 1595 849 1678 (cf.
865 1594 962 1660 schol.
978 1596 1051 1660 nub.
1067 1596 1154 1679 457).
1179 1594 1290 1661 deinde

183 1701 324 1784 sequitur
351 1693 472 1782 ἴαμβος
494 1696 738 1783 πενθημιμερὴς
766 1698 819 1781 (cf.
840 1698 912 1764 nub.
932 1700 1019 1783 804).
1064 1718 1164 1782 neque
1197 1700 1290 1765 aliter
1376 1765 1380 1772 ,

183 1800 358 1889 ,,ὃίμετρος
378 1792 625 1888 υίκατοίληκτοςι*
649 1801 700 1884 (cf.
724 1802 821 1868 schol.
845 1821 893 1884 eq.
919 1807 1020 1881 1305,
1042 1802 1115 1867 nub.
1133 1805 1225 1887 804),
1262 1804 1290 1868 si

184 1910 233 1973 est
253 1906 456 1973 catalecticus
479 1908 610 1972 vocatur
632 1899 776 1988 ,ἴαμβος
795 1900 1055 1993 ἓιμθημιμερήψ,
1088 1906 1136 1971 sin
1156 1906 1291 1991 brachy-

184 2011 358 2075 catalectus
382 2004 558 2091 ,,ἷαμβικὸν
580 2001 727 2095 ἡμιόλιον
745 2008 798 2091 (cf.
821 2008 1077 2077 661161.Α6116111.
1103 2012 1210 2095 1210).
1232 2013 1291 2076 tri-

184 2113 277 2178 metri
314 2114 446 2197 denique
482 2112 657 2177 catalectici
691 2110 751 2177 cluo
789 2113 913 2178 exstant
950 2112 1091 2197 exempla
1119 2114 1170 2197 (cf.
1195 2115 1291 2180 schol.

185 2236 233 2299 eq.
257 2224 337 2295 911,
373 2218 404 2280 et
433 2215 527 2297 equit.
553 2216 668 2298 1263),
702 2213 870 2280 acatalecti
908 2215 1164 2295 innumerabilia,
1201 2237 1291 2299 quae,

184 2320 353 2404 genuinam
380 2338 448 2384 esse
478 2317 614 2383 formam
648 2318 737 2383 illam
768 2319 807 2383 de
838 2339 899 2404 qua
934 2339 1028 2403 supra
1056 2314 1294 2403 (1111’,,ίαμβος

184 2418 388 2508 τρίμετροςίς
411 2420 599 2487 omniafere
618 2424 785 2487 testantur.
806 2423 845 2487 cf.
867 2422 964 2488 schol.
986 2442 1054 2507 pao.
1072 2432 1100 2502 1,
1125 2431 1197 2503 178,
1219 2431 1292 2504 657,

187 2533 268 2605 636,
294 2533 376 2590 1616
401 2528 459 2591 etc.

273 2631 319 2695 De
343 2633 444 2695 metro
470 2630 646 2708 trochaico,
670 2629 752 2714 quod
773 2630 909 2696 iambico
926 2633 975 2696 est
992 2631 1199 2711 contrarium,
1221 2651 1292 2697 curn

186 2736 219 2799 et
248 2734 366 2800 similes
389 2733 478 2817 leges
509 2733 682 2798 scholiasta
711 2734 871 2813 observet,
915 2734 1073 2800 mentione
1097 2735 1192 2819 digna
1214 2733 1293 2799 nihil

187 2839 297 2903 afferre
326 2856 403 2921 opus
434 2839 483 2902 est
518 2839 643 2920 praeter
674 2838 851 2921 exemplum
879 2837 1031 2903 trochaici
1059 2839 1232 2904 hexametri
1260 2840 1295 2903 in

187 2943 468 3026 661161166582,
494 2944 526 3006 et
549 2941 632 3024 quod
651 2942 742 3006 vetus
763 2941 917 3024 interpres
939 2960 1050 3007 vocem
1072 2991 1091 3021 ,‚
1103 2937 1268 3027 cccccccccc
1276 2947 1295 2977 “

11 3077 26 3096 ν
139 3035 144 3040 ’
186 3065 315 3130 prorsus
346 3046 462 3112 ncesse
485 3045 610 3111 videtur
637 3039 803 3129 ἐπίτριτον
830 3041 983 3130 τέταρτον
1004 3045 1166 3128 appellans
1187 3039 1295 3109 δεύτε-

187 3173 244 3236 ρον
265 3152 414 3235 τροχαῖον
436 3148 475 3213 cf.
497 3147 595 3213 schol.
610 3167 677 3231 pac.
693 3154 756 3211 426
772 3138 963 3234 (εὐφημεῖτε
985 3138 1157 3234 εὐφημεῖτε
1257 3151 1296 3233 υ)

275 3254 372 3318 Metri
394 3251 597 3317 choriambici
618 3271 720 3334 pauca
742 3252 941 3334 reperiuntur
957 3250 1108 3335 exempla.
1137 3251 1296 3318 scanditur

187 3358 294 3423 autem
316 3376 371 3442 per
394 3355 549 3440 dipodias,
572 3355 711 3421 admixta
733 3355 766 3418 in
783 3374 965 3438 quacunque
981 3354 1054 3420 sede
1068 3355 1204 3420 iambica
1220 3355 1296 3435 basi,

188 3461 228 3527 cf.
251 3460 347 3527 schol.
371 3479 419 3543 eq.
442 3465 504 3524 551
529 3449 572 3522 ὧν
589 3456 628 3523 τὸ
649 3461 778 3544 πρῶτον
798 3456 1009 3544 χοριαμβικὸν
1035 3454 1296 3543 (661111ίμετρον)

188 3560 342 3651 ίαμβικὴν
366 3564 444 3645 (scil.
465 3555 574 3645 βάσιν)
598 3557 670 3641 ἔχον
691 3558 903 3648 εἰτιμινμένην
918 3554 1136 3648 comasque
1151 3563 1183 3627 ct
1197 3584 1298 3625 κατα-

188 3666 345 3755 λιμτικόν.
389 3666 422 3730 in
453 3666 550 3736 schol.
573 3665 646 3730 nub.
670 3672 734 3730 804
760 3664 846 3730 idem
868 3685 977 3733 versus
1005 3667 1091 3731 recte
1122 3665 1299 3750 appellatur

189 3767 395 3855 „xeor'cqqioc
415 3764 591 3854 δίμετρος“
620 3772 676 3834 aut
697 3820 716 3850 ,,
725 3764 793 3833 ἀπὸ
815 3762 993 3855 χοριάμβου
1010 3766 1137 3852 βάσεως
1158 3764 1205 3847 εἷς
1226 3764 1298 3852 ἴαμ-

189 3878 263 3958 βον,
301 3875 354 3960 qui
384 3874 410 3938 si
432 3875 481 3939 cst
499 3873 704 3939 catalecticus
719 3874 863 3938 ‘vocatu
888 3868 1091 3959 ‚,chc'crrssog
1114 3866 1300 3959 ἓφθημιμε-

190 3970 281 4066 ρής“.
318 3979 429 4043 contra
447 3975 481 4040 in
498 3976 607 4042 ecdem
623 3976 742 4043 scholio
757 3976 876 4061 legitur
898 3971 1067 4062 τρίμετρον
1087 3974 1298 4061 χοριαμβικὸν

190 4057 420 4167 scacchea.
479 4080 590 4145 oense
622 4081 654 4145 n
688 4078 999 4148 6111116136
1037 4083 1300 4147 commemoratur

190 4204 299 4252 versus
338 4182 529 4269 compositus
567 4179 631 4263 ,ἐκ
658 4177 839 4270 χοριιίμβου
869 4179 997 4267 βάσεως
1030 4180 1086 4246 καί
1122 4181 1299 4269 χοριάμβου

190 4281 354 4375 ἡμιολίου,
378 4283 461 4351 ὥστε
483 4285 641 4373 συλλαβὴν
661 4284 763 4351 ἐνδεῖν
791 4287 847 4350 τοῦ
875 4282 1072 4369 καλουμένου
1099 4290 1299 4374 σαιτφικοῦ.“

236 4409 406 4464 Thiemann,
420 4409 508 4450 scholia
522 4409 547 4449 in
560 4409 736 4462 Aristophanem
750 4409 852 4449 metrica.
1060 4396 1079 4456 8
