3134 4984
620 296 727 352 Soholia
743 296 773 352 in
792 312 862 352 aves.
890 316 893 322 ·
1266 291 1301 347 75

190 447 236 524 ὧν
255 453 296 522 τδι
326 458 442 544 πρῶτα
472 452 547 541 τρία
569 456 658 521 κιῦλα
678 460 736 521 τοῦ
753 460 852 542 χοροῦ
881 447 1104 520 οἶναπαιστικδι
1132 456 1299 538 πενθήμι-

188 566 269 650 μερή
289 558 524 646 ε’πιμεμιγμένα
545 554 798 649 τετραβρσίχεσιν.
825 555 891 626 ὁδ’
908 557 1078 647 τροχαϊκὸς
1090 555 1300 644 τετράμετρος

189 658 430 752 καταλήκτικός.
457 662 499 728 τὰ
520 659 593 752 ἓξής
613 662 714 730 πάλιν
737 661 812 749 τρία
833 665 922 729 κῶλα
942 667 1000 729 τοῖν
1020 667 1125 747 χοροῦ.
1157 657 1298 725 ἀναπαι-

191 768 284 855 στική
305 766 403 850 βάσις
425 766 561 833 ἕκαστον
583 763 711 833 τούτων.
736 765 972 852 ε’πιμεμιγμένα
994 764 1049 832 καί
1067 770 1170 831 ταῦτα
1185 787 1299 849 τετρα-

190 871 350 957 βρσίχεσιν.
385 867 416 935 οὶ
439 867 513 959 ἑξῆς
536 867 639 938 πάλιν
660 868 716 938 δύο
737 870 904 957 τροχαϊκοὶ
926 865 1135 959 τετράμετρον
1158 869 1299 954 καταλή-

192 971 306 1040 κτικοί.
344 972 381 1041 τὸ
404 969 476 1063 ἓξής
497 980 554 1041 τοῦ
572 981 670 1062 χοροῦ
692 977 797 1041 κῶλον
820 967 1040 1062 ιίναπαιστική
1067 973 1171 1058 βάσις.
1208 966 1240 1037 οἱ
1262 967 1299 1036 δὲ

116 1088 121 1097 “
191 1073 262 1167 ἑξῆς
282 1077 300 1158 ζ
305 1072 313 1096 ’
335 1078 498 1165 τροχαϊκυὶ
519 1078 728 1167 τετροίμετροι
747 1077 974 1168 καταλήκτικοί
981 1129 991 1158 ,
1022 1071 1067 1144 ιδν
1086 1079 1269 1154 τελευταῖος

330 1195 436 1249 κάστὸν
451 1193 503 1263 ἤδη
522 1216 578 1249 που
597 1195 661 1272 παρ’
682 1194 767 1268 ήμῖν;
793 1202 818 1250 εἰ
836 1198 902 1271 παρ’
922 1195 991 1269 ήμῖν
1009 1197 1063 1267 εἴμ’
1083 1192 1157 1265 ἐγώ]

278 1306 474 1367 327-342.
520 1295 580 1383 [ἔα
610 1295 648 1364 ἔα
678 1324 686 1366 :
722 1294 884 1378 Είσδεσις
921 1296 1014 1386 ἑτέρα
1050 1297 1166 1382 μέλους
1201 1298 1300 1383 χοροῦ

190 1410 334 1492 στροφῆς
334 1461 354 1491 ς
364 1401 458 1488 λόγον
488 1399 613 1484 ἔχουσα.
657 1401 722 1485 ἔχει
746 1402 805 1489 γὰρ
833 1403 889 1469 καὶ
918 1395 1135 1490 ἀντίστροφον
1154 1400 1211 1489 τήν
1232 1398 1300 1482 ,ίώ

189 1502 266 1588 W,
289 1505 326 1571 ἐκ
348 1504 459 1571 κώλων
482 1498 726 1572 σλναπαιστικιῦν
747 1507 803 1573 καί
826 1512 1014 1572 παιωνικῶν
1036 1498 1129 1573 ὀκτώ.
1154 1497 1192 1594 ής
1214 1527 1300 1590 προ-

188 1606 320 1676 τίθεται
343 1612 446 1675 κῶλον
466 1606 633 1694 ίαμβικόν,
656 1606 732 1698 ,ήτοι
755 1608 889 1697 ἰαμβική
913 1604 1021 1693 βάσις.
1049 1606 1113 1675 εἶσί
1133 1607 1169 1674 δὲ
1184 1606 1300 1691 τὰμὲν

189 1709 409 1780 ἀναπαιστικὰ
429 1712 607 1798 μεμιγμένα
629 1714 975 1799 προκελευσματικοῖς,
1004 1713 1046 1778 τὰ
1070 1711 1106 1778 δὲ
1134 1709 1298 1779 παιωνικδ

188 1816 474 1903 πεντασυλλοίβοις.
497 1816 681 1884 διαλύονται
693 1816 754 1905 γὰρ
765 1819 821 1882 καί
836 1820 899 1882 τῶν
913 1813 1065 1883 παιώνων
1084 1813 1131 1895 εἰς
1148 1811 1299 1904 βραχείας

189 1918 223 1986 αἱ
244 1920 374 2008 μακραί.
410 1920 448 1987 τὸ
472 1919 530 2004 μὲν
560 1913 614 1987 οὖν
635 1927 766 2008 πρῶτον
787 1918 843 1986 καί
865 1917 973 2008 τρίτον
1001 1911 1224 1986 οἷναπαιστικδι
1247 1914 1299 1983 δί-

189 2050 288 2112 μετρα
308 2024 598 2115 βραχυκατυίλήκτα.
643 2024 739 2092 τὸδὲ
763 2019 908 2111 δεύτερον
938 2024 995 2089 καὶ
1024 2022 1178 2109 τέταρτον
1201 2020 1299 2106 ὅμοια

193 2135 260 2216 1τῷ
288 2127 434 2215 δευτέρφ.
478 2128 516 2195 τδ
545 2128 701 2212 πέμπτον
723 2124 955 2217 ἓφθήμιμερές.
1002 2127 1040 2193 τὸ
1072 2125 1165 2193 ἕκτον
1192 2125 1247 2192 καὶ
1268 2123 1300 2207 ζ’

188 2231 351 2298 παιωνικδι
383 2227 580 2321 τετράμετρα
613 2231 840 2319 καταλήκτικιί.
885 2229 922 2299 τδ
956 2230 992 2297 δὲ
1033 2226 1148 2315 ὄγδοον
1186 2228 1298 2314 ὅμοιον

188 2332 420 2425 ἓφθήμιμερές.
462 2334 496 2401 ἐν
524 2333 654 2402 ἕκδέσει
692 2333 728 2401 δὲ
758 2332 864 2418 στίχοι
892 2335 1059 2420 τροχαϊκοί
1090 2331 1299 2421 τετράμετρον

189 2439 415 2527 καταλήκτικοὶ
435 2444 529 2525 τρεῖς.
550 2438 606 2505 τὸν
630 2436 738 2526 τρίτον
753 2438 790 2507 δὲ
812 2431 996 2541 ἅναπλήροῖ
1017 2436 1055 2505 τὸ
1077 2433 1149 2526 ἑξῆς
1166 2431 1298 2523 πρόσω-

188 2566 254 2608 πον
283 2539 510 2628 εἰσερχόμενον.
556 2539 628 2632 ἑξῆς
657 2542 693 2609 δὲ
716 2538 863 2631 σύστημα
887 2541 921 2608 ἐν
947 2538 1094 2608 είσθέσει
1120 2544 1297 2628 τροχαίκιῦν

188 2644 410 2732 τετραμέτρων
429 2649 668 2734 καταλήκτικιῖν
691 2642 733 2712 δ’.
756 2644 815 2713 ἐπὶ
836 2651 884 2734 τῷ
896 2646 982 2712 τέλει
1003 2652 1060 2735 τῆς
1080 2645 1140 2729 μὲν
1155 2650 1299 2736 στροφῆς

188 2745 404 2838 παράγραφος
426 2749 482 2815 καί
512 2751 613 2838 διπλή
645 2745 709 2816 ἔσω
738 2754 913 2830 νενευκυῖα,
950 2753 1008 2815 τοῖν
1036 2748 1073 2816 δὲ
1098 2743 1299 2837 συστήματος

186 2846 269 2939 μόνη
293 2848 531 2940 παράγραφος]
1256 2856 1260 2863 ’

277 2964 472 3023 343—385.
518 2953 580 3042 [ἰιδ
601 2954 669 3024 ίιίε
699 2954 861 3035 Εἴσδεσις
889 2962 987 3044 χοροῦ
1009 2953 1103 3042 ἑτέρα
1127 2953 1297 3042 ἀντίστρο-

188 3083 250 3147 φος
272 3064 328 3148 τής
348 3056 407 3149 ήδη
427 3058 583 3150 ῥήθείσής
603 3065 762 3150 στροφής,
786 3060 822 3125 ἐκ
845 3056 953 3126 κώλων
972 3057 1093 3145 ὁμοίων
1108 3058 1162 3126 καί
1179 3057 1297 3142 στίχων

188 3157 231 3250 η’.
261 3159 326 3228 εἶσί
349 3162 447 3229 δὲτὰ
469 3163 528 3247 μὲν
551 3159 580 3229 ε’
604 3156 829 3230 οῖναπαιστικδι
849 3156 1010 3249 ἀναλόγως
1029 3168 1100 3242 τοῖς
1120 3169 1179 3252 τῆς
1200 3187 1298 3251 στρο·

188 3271 259 3355 φής.
303 3267 344 3333 τὰ
374 3266 410 3334 δὲ
441 3265 515 3355 τρία
536 3263 716 3350 παιωνικιί,
756 3265 800 3346 ὡς
832 3267 887 3333 καὶ
915 3268 956 3334 τὰ
987 3273 1044 3357 τής
1069 3273 1220 3356 στροφῆς.
1262 3263 1297 3333 ἐν

187 3366 334 3436 είσθέσει
365 3370 401 3438 δὲ
431 3368 534 3453 στίχοι
563 3366 619 3438 δύο
645 3372 811 3460 τροχαϊκοὶ
842 3371 1050 3459 τετράμετροι
1070 3369 1298 3460 καταλιμτικοὶ

187 3469 297 3557 ὅμοιοι
319 3477 389 3552 τοῖς
411 3469 492 3564 ἑξῆς.
520 3473 598 3540 δὲπὶ
621 3481 667 3563 τῷ
687 3475 773 3542 τέλει
797 3477 914 3541 διπλαῖ
935 3472 998 3555 ἐξω
1019 3480 1216 3561 νενευκυῖαι]

278 3585 473 3646 386-399.
519 3580 661 3663 [μᾶλλον
694 3575 817 3668 εἰρήνην
851 3575 981 3663 ι’ίγουσιν
1011 3603 1019 3646 :
1051 3575 1207 3656 Ἔκδεσις
1239 3585 1298 3666 τῆς

189 3682 309 3769 διπλῆς
335 3679 371 3746 ἐκ
394 3681 503 3749 κώλων
526 3680 646 3766 ὁμοίων
667 3686 845 3768 τροχαϊκιῖν
868 3679 1127 3769 ἐπιμεμιγμένων
1156 3678 1298 3749 ἀναπαί-

190 3805 280 3863 στοις
301 3785 355 3852 καὶ
386 3784 527 3872 χορείαις
548 3782 589 3852 ιε’
612 3784 773 3872 διμέτρων
794 3786 879 3875 πλήν
896 3792 955 3853 τοῦ
974 3784 1156 3870 τελευταίου
1176 3778 1298 3853 ἄκατα-

359 3871 504 3910 (νιΓι
598 3885 605 3908 ι

188 3888 328 3977 λήκτων,
352 3914 398 3978 υφ
430 3916 448 3958 ο
471 3915 505 3956 αι
529 3895 681 3979 συνήθεις
703 3889 759 3957 δύο
779 3892 920 3975 διπλαῖ]

277 4056 293 4107 1
312 4055 386 4109 Fort.
405 4055 507 4127 ὅμοιον
525 4059 562 4124 τῷ
579 4056 694 4130 δευτέρῳ
714 4056 847 4125 (δίμετριι
865 4052 1059 4121 ιίκατιίληκτα).
1164 4056 1180 4108 2
1198 4056 1298 4126 Requi·

188 4143 258 4198 ritur
275 4142 377 4197 mentio
399 4142 499 4209 διπλῆς
518 4143 568 4204 ἔξω
592 4146 749 4201 νενευκυίας
765 4141 795 4196 in
814 4141 868 4196 fine
887 4146 1041 4200 εἰσοίσεις.
1077 4146 1219 4212 propterea
1236 4161 1297 4199 con·

188 4231 240 4285 ieci
258 4230 354 4300 ὅμοιοι
371 4235 431 4291 τοῖς
448 4231 508 4296 ἑξῆς
526 4227 581 4297 (λβ’
603 4230 689 4302 διπλή
707 4229 757 4290 ἔξω
776 4235 918 4297 νενευκυῖα
936 4232 1171 4302 περατουμένοις).
1194 4232 1242 4284 ἐπὶ
1259 4236 1298 4303 ιρῖ

188 4319 258 4375 τέλει
277 4314 355 4385 (δύο)
377 4317 478 4370 διπλοῖ
493 4316 544 4378 ἔξω
562 4320 718 4371 νινευκνῖαι
737 4313 773 4370 of.
791 4314 874 4370 schol.
893 4331 936 4370 av.
957 4315 1017 4372 539.
