3134 4984
285 309 321 373 82
721 309 828 375 Scholia
843 317 873 374 in
891 335 963 375 eves.

284 472 504 541 ἀναπαιστικόν
527 477 623 541 κῶλα.
667 467 710 541 ῶν
738 475 776 542 τὸ
800 472 836 542 α’
860 472 1089 565 ἓφθημιμερές.
1130 475 1168 545 τό
1190 474 1226 563 β’
1249 472 1395 545 διαπαι-

285 576 378 666 στικὴ
400 576 503 662 βάσις.
527 576 565 644 τό
588 574 698 667 τρίτον
719 575 869 667 δίμετρον
889 576 1202 670 βραχυκατόληκτον,
1224 587 1289 647 τῶν
1304 580 1395 670 πρῶ-

283 707 347 748 των
370 677 427 748 δόο
454 683 567 748 ποδῶν
595 679 696 749 όντων
727 686 1058 771 προκελευσματικῶν.
1095 685 1133 755 τὸ
1157 686 1177 751 δ
1183 684 1191 709 '
1213 681 1327 769 όμοιον
1346 689 1396 773 τῷ

283 783 429 873 δευτέρῳ.
456 779 509 874 ὑφ’
531 780 549 852 ὃ
572 784 816 875 παρόμραφσς.]]

372 915 566 975 954-958.
612 906 649 996 νὴ
669 907 726 974 τόν
751 905 844 975 Δίας
875 905 949 994 ff‘H
968 903 998 990 ζ’
1027 904 1182 997 περίοδος
1205 908 1239 976 έν
1261 906 1393 977 ἐκθέσει

284 1009 400 1093 στίχων
435 1008 525 1077 ἐστίν
562 1007 723 1094 ίαμβικῶν
761 1009 940 1098 τριμέτρων
971 1006 1012 1079 ε’.
1059 1010 1117 1078 ἐπὶ
1150 1015 1197 1099 τῷ
1223 1009 1308 1079 τέλει
1336 1010 1393 1080 δόο

283 1117 401 1182 διπλαῖ
422 1112 484 1194 ἔξω
506 1116 709 1201 νενευκυῖαιῶ

371 1245 564 1304 959-991.
610 1226 778 1323 χεόφημία
806 1228 914 1302 ’στωι
935 1231 1098 1314 Είσδεσις
1119 1231 1275 1323 περιόδου
1295 1229 1394 1323 ἄμοι-

281 1337 380 1425 βαίας
401 1336 518 1422 στίχων
540 1336 606 1419 λς’.
648 1331 691 1405 ῶν
714 1334 744 1403 οἱ
777 1350 903 1425 πρῶτοι
924 1331 1009 1406 όκτιδ
1042 1337 1191 1425 ίαμβικοὶ
1220 1338 1394 1429 τρίμετροι,

282 1441 314 1511 οἱ
349 1440 422 1533 ἑξῆς
452 1442 508 1509 δόο
539 1436 753 1531 δσυνάρτητοι
792 1444 962 1520 παντελῶς
998 1442 1054 1508 καὶ
1087 1445 1396 1532 πολυσχημάτιστοι,

282 1545 428 1627 ότόικτως
461 1548 537 1625 τούς
570 1541 678 1626 πόδας
711 1544 876 1630 κειμένους
907 1544 1043 1634 ἔχοντες.
1085 1552 1233 1630 μιμεῖται
1266 1546 1326 1635 γὰρ
1356 1548 1395 1615 τό

281 1644 496 1741 α’συνιίρτητον
521 1658 585 1717 τῶν
610 1656 769 1739 χρησμῶν.
815 1647 846 1717 οἳ
871 1642 903 1717 δ’
926 1646 1019 1717 ἄλλοι
1047 1646 1092 1729 ῶς
1120 1647 1152 1717 οἱ
1180 1657 1316 1739 πρῶτοι.
1361 1649 1395 1719 οἱ

280 1754 393 1840 μέντοι
417 1752 556 1843 χρησμοὶ
586 1751 708 1821 έπικσί.
753 1752 814 1819 ἐπὶ
842 1758 916 1832 ταῖς
938 1745 1125 1820 ἆποδέσεσι
1153 1755 1209 1821 καὶ
1236 1761 1283 1843 τῷ
1308 1755 1395 1822 τέλει

281 1855 526 1947 παρόμραφος.]]

369 1985 587 2047 992-1057.
634 1976 728 2066 [[ίμω
750 1970 828 2066 παρ’
851 1975 963 2062 όμᾶςε
993 1975 1154 2064 Είσδεσις
1185 1974 1301 2062 ὁμοίας
1323 1975 1395 2047 ἑτέ-

281 2109 341 2169 ρας
370 2082 525 2171 περιόδου
554 2081 589 2148 έκ
620 2080 737 2165 στίχων
770 2080 929 2167 ίαμβικῶν
964 2081 1139 2172 τριμέτρων
1166 2073 1395 2174 δκαταλήκτων

282 2186 325 2268 ξ’.
355 2180 399 2254 ῶν
421 2189 614 2265 τελευταῖοςΙ

523 2305 660 2369 θύσοντες
680 2311 747 2362 εἴσω
765 2314 823 2367 τοῖς
846 2313 940 2361 θεοῖσι
960 2305 1009 2360 τὸν
1025 2305 1141 2381 τράγου.

280 2408 362 2492 μετὰ
379 2407 489 2493 μέντοι
511 2408 566 2475 τόν
579 2405 647 2494 μθ’
669 2411 772 2476 κῶλον
796 2406 948 2494 ἰαμβικὸν
968 2408 1167 2497 μσνόμετρον
1189 2408 1393 2497 βραχυκατσί-

280 2514 393 2602 ληκτον
422 2511 479 2579 καὶ
510 2513 592 2597 μετὰ
621 2513 676 2581 τόν
702 2509 757 2598 νβ’
788 2505 1004 2602 σίσυνυίρτητοι
1032 2510 1098 2583 δύο.
1142 2505 1185 2579 ῶν
1214 2510 1232 2579 ὁ
1261 2517 1395 2600 πρῶτος

280 2612 443 2702 σύγκειται
477 2615 514 2698 ἐξ
545 2611 786 2707 ἄναπαιστικῆς
818 2611 946 2702 βόσεως
978 2615 1034 2682 καὶ
1070 2620 1241 2706 τροχαϊκῆς
1277 2613 1394 2700 ὁμοίας

279 2715 414 2805 βάσεως.
454 2717 471 2787 ό
495 2720 532 2787 δέ
560 2745 611 2788 τοι
636 2722 673 2788 νδ
679 2720 686 2739 ’
714 2720 880 2807 σύγκειται
902 2719 939 2802 ἐξ
966 2717 1122 2806 ἰαμβικοῦ
1150 2717 1395 2810 ἓφθημιμεροῦς

279 2824 335 2890 καὶ
358 2829 528 2913 τρσχαῖκῆς
549 2820 686 2910 βάσεως.
728 2822 805 2891 όδὲ
824 2824 871 2891 νε’
891 2823 929 2905 ἐξ
949 2822 1102 2910 ἷαμβικοῦ
1129 2828 1395 2914 πενδημιμεροῦς

280 2927 335 2994 καὶ
363 2919 602 3019 σίναπαιστικῆς
631 2926 768 3012 βάσεως.
812 2925 871 2995 ἐπὶ
900 2932 946 3016 τῷ
974 2927 1059 2995 τέλει
1081 2928 1216 3017 κορωνὶς
1243 2927 1393 3009 ἐξιόντων

278 3037 344 3097 τῶν
364 3028 578 3123 όποκριτιῦν.]]

369 3161 606 3222 1058-1070.
653 3149 740 3244 [[ἥδη
761 3179 818 3239 μοι
846 3157 894 3242 τῶ
923 3152 1131 3241 παντόπτᾳι
1163 3150 1216 3217 Ἥ
1237 3151 1391 3242 παράβα-

279 3262 353 3335 σις1
374 3256 453 3346 αὕτη
475 3251 533 3325 οδκ
555 3256 619 3340 ἔχει
640 3255 749 3324 πάντα
769 3256 927 3348 τὰμέρη,
951 3254 1033 3323 ἀλλὰ
1052 3253 1137 3340 μόνα
1157 3257 1309 3342 τέσσαρα,
1332 3257 1392 3348 τὴν

279 3352 363 3450 ᾠδὴν
386 3358 442 3426 καὶ
465 3357 624 3451 στροφήν,
648 3362 685 3430 τδ
710 3359 892 3452 ἐπίρρημα,
915 3345 974 3451 τὴν
996 3354 1141 3449 όντῳδὴν
1163 3360 1218 3427 καὶ
1238 3361 1277 3428 τὸ
1299 3358 1391 3428 ἄντε-

278 3462 433 3553 πίρρημα.
476 3462 547 3531 έστι
574 3469 649 3551 γοῦν
673 3463 692 3555 ἡ
720 3459 787 3556 ᾠδὴ
816 3465 871 3532 καὶ
904 3464 1027 3554 στροφὴ
1053 3460 1165 3531 κώλων
1195 3463 1252 3532 καὶ
1275 3461 1391 3548 στίχων

279 3570 473 3635 δακτυλικῶν
494 3568 549 3635 καὶ
580 3575 767 3636 παιωνικῶν
791 3568 848 3640 ιδ’.
891 3568 933 3637 τὰ
950 3564 995 3653 α’,
1026 3564 1065 3650 ε’,
1087 3573 1132 3651 ς’,
1154 3567 1186 3650 ζ’
1215 3568 1392 3636 δακτυλικὰ

279 3667 494 3761 ἓφθιμιιμερῆ.
535 3672 577 3738 τὰ
597 3668 644 3759 β’,
665 3668 706 3759 γ’,
730 3669 774 3757 δ’,
800 3669 837 3757 ι’,
868 3672 918 3739 ια’
946 3672 1153 3762 τετράμετρα.
1188 3674 1229 3739 τὰ
1252 3673 1286 3739 δ’
1307 3669 1389 3741 ἄλλα

278 3774 459 3857 παιωνικοί,
480 3775 675 3864 τετράμετρα
695 3775 754 3862 μέν
777 3769 982 3867 όκατόληκτα
1005 3776 1047 3843 τὰ
1069 3772 1114 3866 η’,
1137 3771 1189 3843 θ’.
1219 3775 1256 3844 τὸ
1279 3777 1316 3844 δὲ
1336 3775 1387 3863 ιβ’

350 3991 365 4044 1
383 3988 460 4044 Alius
478 3990 670 4058 grammaticus
688 3988 754 4045 haec
771 3991 898 4045 annotat:
920 3990 1020 4059 (1058.)
1040 3989 1103 4061 (ἤδη
1112 4010 1164 4063 μοι
1175 3994 1214 4059 τῷ
1227 3988 1388 4060 παντόπτᾳε

276 4071 406 4129 Εἰῶδασι
424 4076 495 4146 μετὰ
521 4075 570 4143 τὴν
586 4080 694 4130 τελείαν
711 4074 873 4149 παράβασιν
892 4076 1113 4150 ἰπιρρηματικίχν
1139 4082 1289 4130 ποιεῖσθαι
1308 4080 1386 4140 σοζο·

277 4167 357 4230 μίαν,
379 4162 471 4234 ὥσπερ
489 4166 536 4215 καὶ
555 4163 584 4214 ἓν
601 4163 728 4215 Ἱππεῦσι
752 4168 917 4229 πεποίηκεν.
959 4162 1061 4222 Ἄλλως.
1087 4163 1201 4235 δευτέρα
1219 4160 1387 4236 παράβασις,

276 4246 313 4306 ῶς
330 4248 360 4302 ἓν
377 4248 543 4317 Ἱππεῦσιν.)
578 4249 685 4302 nomine
703 4249 919 4322 ἕπιρρηματικῆς
945 4252 1074 4320 συζυγίας
1095 4249 1256 4303 Heliodorus
1274 4248 1342 4303 oden
1360 4252 1389 4304 et

276 4332 426 4402 epirrhema
444 4333 666 4402 comprehendere
684 4334 761 4390 solet.
