3134 4984
1192 279 1197 292 ’
1263 313 1314 371 ror

207 462 316 552 παρὰ
352 469 443 543 τοῖς
482 464 781 551 τετραμέτροις
820 469 924 547 (scrib.
961 467 1037 546 τοὺς
1073 464 1317 557 τετραμέτρὸος)

207 565 330 651 στίχοις
368 570 471 654 (scrib.
508 565 624 654 στίχοι)
663 566 819 653 ιάμβικοί.
878 574 1103 657 gravissimum
1138 574 1232 639 huius
1270 577 1316 642 rei

207 674 382 759 exemplum
414 676 517 739 exstat
546 674 579 738 in
607 674 704 740 schol.
724 674 797 739 nub.
821 683 918 753 1131,
952 673 1004 739 καὶ
1039 670 1170 754 scescle
1210 678 1315 761 (scrib.

206 773 368 861 ε’ίιτθεσις)
391 775 481 862 παρὰ
503 775 580 853 τοὺς
601 775 848 862 τετραμέτρους,
870 778 976 845 addita
999 800 1107 860 causa,
1128 776 1226 860 ,,ἒστὶ
1255 780 1315 868 γὰρ

205 878 246 946 τὰ
276 876 348 967 ἑξῆς
377 876 510 962 ίαμβικὰ
538 877 724 967 τρίμετρα.“
776 901 812 947 er
839 882 888 947 his
916 884 1013 968 igitur
1042 901 1150 950 vocem
1180 878 1315 961 ἔκθεσις

208 979 469 1060 ο1εἴσθεσιςιιι1
492 985 588 1049 situm
616 986 708 1063 paulo
732 985 928 1068 superiorum
950 1007 1097 1054 versuum
1119 989 1315 1055 referendam

208 1107 292 1166 esse,
323 1090 459 1171 apparet.
505 1086 560 1153 sed
583 1089 686 1171 potest
706 1089 816 1154 eadem
846 1091 878 1154 et
906 1092 1061 1174 respicere
1090 1092 1187 1158 situm
1208 1113 1315 1159 eorum

208 1210 371 1269 versuum,
411 1192 463 1274 qui
490 1211 553 1256 non
586 1194 659 1257 sunt
686 1193 874 1258 novissimae
905 1214 984 1276 quae
1013 1194 1171 1261 antecedit
1195 1196 1316 1280 periodi

207 1294 355 1360 metricae
374 1294 461 1359 velut
483 1296 515 1360 in
539 1296 635 1361 schol.
657 1315 703 1379 eq.
722 1302 803 1374 836,
827 1295 928 1383 διπλῆ
950 1295 1006 1360 καὶ
1029 1293 1161 1376 έκθεσις
1190 1295 1226 1363 οὗ
1248 1294 1316 1363 κατ’

208 1395 279 1465 ἴσον
298 1402 368 1476 τοῖς
390 1389 608 1475 ἀναπαίστοις
630 1399 697 1464 scil.
725 1398 952 1485 τετραμέτροις
976 1396 1023 1477 εἷς
1045 1395 1183 1485 ἰάμβοις
1203 1426 1316 1488 τετρα-

207 1500 341 1589 μέτρους
364 1496 627 1588 καταληκτικοίς,
649 1504 731 1586 quod
755 1502 879 1569 exhibet
902 1504 970 1569 cod.
991 1505 1230 1585 Laurentianus,
1252 1508 1273 1572 i.
1289 1527 1316 1572 c.

207 1608 414 1673 iambicorum
434 1607 691 1671 tetrametromm
712 1606 804 1671 initia
823 1609 870 1671 ita
885 1608 1047 1673 scribenda
1062 1610 1183 1674 suntin
1199 1610 1316 1688 codice,

208 1714 245 1778 nt
273 1732 311 1777 cx
336 1711 414 1776 colis
442 1710 652 1791 superioribus
676 1711 884 1792 anapaesticis
913 1712 1087 1790 emineant,
1124 1714 1230 1778 tamen
1253 1732 1317 1778 non

207 1818 346 1894 tantum,
370 1815 520 1898 qnantum
543 1812 592 1877 illi
612 1814 790 1878 tetrametri
813 1814 1004 1897 anapaestici
1030 1815 1124 1898 paulo
1147 1814 1314 1900 longiores.

208 1919 292 1986 idem
313 1919 450 1984 testatur
471 1916 559 1980 locus
581 1916 613 1980 in
637 1916 734 1980 schol.
756 1916 893 1981 Acharn.
917 1924 998 1995 2843
1021 1918 1090 1984 cola
1112 1920 1212 1998 enim,
1236 1939 1316 2003 quae

210 2021 400 2089 antecedunt
422 2019 505 2102 (inde
529 2039 548 2084 a
568 2039 647 2084 vers.
665 2021 740 2102 280)
770 2020 932 2086 trochaica
961 2022 1147 2105 excipientis
1168 2023 1317 2089 iambicos

209 2126 368 2192 trimetros
392 2124 468 2207 ipsis
499 2124 657 2207 longiores
676 2122 761 2189 haud
787 2124 878 2189 dubie
901 2125 1019 2207 scripta
1048 2126 1122 2189 sunt
1149 2122 1183 2188 ἐν
1203 2120 1315 2190 εἰσθέ-

210 2250 268 2295 σει.
320 2247 430 2294 versus
464 2230 586 2305 autem,
621 2228 673 2310 qui
707 2227 921 2312 subsequitur,
961 2224 1130 2322 Ἡράκλεις
1160 2229 1249 2294 conci
1283 2226 1317 2293 τί

210 2333 280 2399 ἐστι
302 2331 559 2416 —longitudine
581 2332 719 2396 eminens
750 2329 783 2394 ἐν
806 2320 938 2395 ἐκθέσει
961 2334 1082 2414 positus
1105 2336 1160 2401 est.
1206 2332 1316 2399 deinde

210 2459 229 2505 a
250 2438 417 2504 scholiasta
438 2435 497 2502 (luo
517 2437 802 2501 commemorantur
825 2435 908 2513 cola,
932 2433 1061 2519 (ἕπεται
1080 2439 1150 2513 τοῖς
1165 2434 1237 2502 δνσὶ
1253 2432 1317 2501 κώ-

207 2542 304 2626 λοις)
335 2539 381 2614 τὰ,
398 2539 433 2605 δὲ
455 2541 543 2605 κῶλα
566 2535 583 2605 ὃ
604 2534 715 2622 χορός,
744 2533 875 2626 ,τριέτης
894 2535 1001 2602 τοίνυν
1023 2535 1110 2604 ἐστίν
1133 2536 1165 2605 ἒν
1184 2538 1316 2606 ἐκθέσει

208 2646 313 2732 (scrib.
336 2641 370 2708 ἐν
393 2640 552 2726 sicilicet)
574 2639 657 2708 κατὰ
679 2640 716 2707 τὸ
740 2637 813 2706 ἴσον
834 2645 902 2719 τοῖς
925 2646 1069 2727 χορικοῖς
1097 2645 1177 2726 (scil.
1200 2638 1316 2723 κιόλοις

206 2751 279 2817 inde
297 2769 409 2816 avers.
427 2751 519 2832 280),
540 2747 653 2824 idest,
676 2748 754 2812 haec
776 2746 838 2811 duo
861 2747 931 2811 cola
955 2747 1133 2813 scribuntur
1155 2745 1188 2811 ἒν
1202 2744 1315 2813 εἰσθέ-

206 2877 271 2936 σει,
291 2856 329 2919 ut
351 2853 511 2936 superiora
532 2852 658 2916 chorica
680 2846 714 2912 έν
734 2845 883 2913 εἰσοίσει
905 2850 1008 2934 posita
1029 2853 1111 2916 sunt.
1150 2851 1317 2916 confirma-

207 2961 259 3024 tur
285 2960 427 3035 hoceo,
465 2954 548 3038 quod
576 2954 646 3019 oola
673 2957 777 3019 cetera
808 2954 959 3036 paeonica
986 2944 1087 3036 (τοῦτ’
1119 2952 1252 3042 ἐρωτᾷς)
1282 2952 1316 3018 ἐν

127 3141 135 3153 ·
206 3058 353 3127 εἰσθέσει
375 3079 442 3125 esse
463 3059 567 3142 posita
589 3058 756 3123 scholiasta
777 3055 872 3139 paulo
891 3057 973 3121 infra
987 3057 1106 3124 indicat
1125 3059 1189 3124 his:
1213 3055 1316 3123 καὶέν

205 3162 353 3231 esacrae
380 3161 421 3227 τὰ
451 3159 553 3226 λοιπὰ
581 3161 669 3226 κῶλα
692 3154 738 3240 ς’.
781 3162 882 3225 restat
908 3180 1006 3225 unum
1031 3161 1123 3227 huius
1152 3163 1198 3227 rei
1220 3181 1315 3247 argu·

206 3272 348 3337 mentum
370 3269 466 3334 schol.
487 3263 553 3352 pac'.
576 3274 637 3332 729
661 3266 720 3331 etsi
743 3265 1013 3348 corruptissimum
1036 3267 1143 3332 tamen
1158 3267 1204 3332 ita
1221 3266 1314 3332 facile
1377 3349 1379 3352 Ι

207 3372 437 3441 emendandum
464 3409 505 3417 —
535 3377 592 3434 rob
615 3374 727 3456 χοροῦ,
760 3360 798 3431 οὗ
821 3365 925 3448 στίχοι
947 3362 1153 3456 τετροίμετροι
1177 3370 1312 3457 καταλη-

206 3475 310 3545 κτικοὶ
339 3475 493 3558 τέσσαρες
514 3472 573 3555 μέν
594 3471 628 3538 έν
651 3469 799 3552 ἐκθέσει,
838 3467 871 3535 ἐν
894 3462 927 3536 d'
956 3468 1104 3538 εἰσθέσει
1134 3475 1315 3550 τελευταῖος

206 3578 375 3669 τροχαϊκὸς
397 3580 448 3662 (cf.
472 3579 569 3644 schol.
586 3597 633 3660 eq.
650 3579 726 3659 836)
749 3569 819 3640 κατ’
833 3570 914 3640 Ιἴσον
935 3579 1005 3653 τοῖς
1027 3570 1137 3654 ἷίλλοις
1159 3571 1315 3661 (ἀναπαι-

207 3687 351 3769 στικοῖς).
395 3677 579 3763 ,,κατι’σοι“
603 3681 686 3765 qnod
709 3682 812 3746 exstat
832 3700 1029 3764 nequaquam
1050 3681 1177 3765 probari
1202 3684 1314 3766 potest,

208 3793 281 3876 quia
303 3788 519 3855 desiderantur
546 3786 643 3852 ceteri
671 3783 823 3850 trochaici
853 3784 1037 3850 tetrametri.
1080 3785 1163 3867 quod
1192 3786 1219 3850 si
1239 3804 1314 3850 con·

207 3895 363 3971 cedimus,
391 3911 455 3958 non
476 3891 579 3955 solum
600 3889 864 3974 praepositionem
892 3885 1036 3973 ,,σσρὰ“
1058 3891 1118 3954 hoo
1140 3890 1174 3953 in
1196 3889 1314 3955 scholio

207 3998 351 4065 similiter
374 3996 548 4061 adhibitam
570 4014 653 4071 esse,
689 3991 744 4057 sed
772 3993 868 4057 etiam
896 3981 963 4055 κστ)
993 3986 1067 4055 ἴσον
1091 3991 1176 4057 idem
1199 3993 1314 4073 valere,

208 4102 290 4188 quod
312 4103 343 4167 in
365 4099 513 4185 exemplis
537 4101 630 4164 antea
650 4096 772 4175 allatis,
795 4116 885 4162 nemo
908 4096 1045 4181 negabit.

295 4207 413 4272 Tamen
437 4222 499 4269 non
522 4204 624 4269 solum
644 4201 740 4269 verba
767 4200 807 4265 ad
829 4201 912 4265 hunc
933 4220 1026 4265 usum
1046 4201 1223 4280 referenda,
1251 4202 1315 4267 sed

208 4311 305 4378 etism
326 4311 396 4395 ipsa
414 4309 510 4388 ratio,
533 4327 627 4396 quam
648 4324 873 4397 cognoscamus
895 4324 933 4372 ex
953 4304 1096 4388 scholiis,
1117 4306 1194 4376 satis
1216 4307 1315 4376 testa·
