3134 4984
263 280 298 334 60
673 280 781 336 Scholia
801 282 962 352 inequites.

353 444 435 503 1067
446 444 593 504 -1069.
636 432 779 526 Αἰγείδη
803 432 949 526 φράσσαι
971 462 980 505 t
1014 435 1067 503 Ἐν
1097 436 1230 505 ἐκθέσει
1258 436 1374 505 ε’πικοὶ

262 543 357 625 τρεῖς.
385 537 458 624 [ἐπὶ
476 543 523 627 τῷ
541 538 627 607 τέλει
649 539 889 632 παροίχραφος]

354 651 593 712 1070-1079.
637 637 695 730 [οἰ
723 642 820 712 τοῦτό
841 665 942 734 φησιν
963 671 972 714 x
1002 640 1043 713 Οί
1064 641 1138 734 ἑξῆς
1159 637 1247 712 οὗτοι
1267 643 1374 728 στίχοι

263 742 411 831 ἰαμβικοί
438 743 504 814 εἰσι
529 743 693 836 τρίμετροι
722 742 935 837 ἀκατάληκτοι
966 743 1061 816 ὸκτιό.
1103 744 1176 837 ἑξῆς
1202 747 1239 815 δὲ
1268 751 1372 815 κῶλον

264 846 418 935 ἰαμβικὸν
445 849 643 939 μονόμετρον
671 850 982 940 βραχικατόληκυον.
1026 848 1178 919 λείπεται
1210 849 1270 938 γὰρ
1298 849 1374 920 ὅλου

265 951 370 1032 ποδὸς
391 952 478 1041 πρὸς
496 953 554 1041 τὸν
574 951 730 1040 συζυγίαν.
771 955 829 1022 καί
851 951 923 1044 ἑξῆς
941 949 983 1021 αδ
1005 951 1112 1037 στίχοι
1132 951 1281 1040 ἰαμβικοί
1301 951 1373 1041 τρί-

263 1079 375 1143 μετροι
396 1051 613 1145 ιίκατοίληκτοι
633 1052 697 1124 δίο.
725 1055 785 1124 ἐπὶ
806 1062 853 1146 τῷ
873 1057 959 1125 τέλει
981 1053 1220 1147 παράχροφος]

354 1167 590 1228 1080-1095.
635 1153 716 1247 [ἀλλ’
739 1158 814 1230 ἔτει
844 1158 897 1226 Ἓν
920 1160 1051 1228 ἐκδόσει
1071 1160 1173 1228 ἐπικδι
1194 1157 1374 1228 ἑκκαίδεκα.

264 1261 324 1329 ε’πί
342 1270 389 1350 τῷ
409 1261 493 1330 τέλει
516 1258 735 1353 παρόμραφος
755 1263 810 1332 καί
830 1262 978 1354 κορωνίς,
1000 1262 1044 1343 ὡς
1067 1261 1211 1354 εἰρνμαι]

354 1376 593 1436 1096-1110.
645 1365 718 1454 [ἰοὺ
744 1365 825 1437 ἰούς
853 1367 1013 1448 ’Έκθεσις
1042 1373 1101 1458 τῆς
1135 1365 1310 1457 κορωνίδος
1337 1365 1377 1434 ἐκ

265 1467 382 1553 στίχων
412 1469 584 1557 ἰαμβικιῖιν,
612 1463 657 1537 ὧν
686 1468 948 1560 προτίθεταίτὸ
969 1471 1076 1560 παρὸν
1097 1475 1201 1539 κῶλον
1223 1469 1377 1558 ἰαμβικὸν

265 1571 464 1661 μονόμετρον
484 1569 716 1664 ἀκατάληκτον.
755 1571 788 1642 οἰ
811 1574 848 1643 δέ
876 1573 941 1643 εἰσι
967 1573 1134 1663 τρίμετροι
1154 1571 1211 1642 ιδ’.
1246 1575 1305 1643 ἐπὶ
1328 1580 1378 1664 τῷ

266 1676 350 1745 τέλει
372 1676 507 1766 κορωνὶς
528 1673 677 1759 ἐξιόντων
698 1685 761 1746 τῶν
782 1677 989 1766 ὑποκριτῶν]

355 1789 594 1849 1111-1150.
640 1775 666 1848 ὦ
687 1783 768 1871 δῆμε
786 1808 794 1850 :
829 1784 962 1872 1Λιπλῆ
984 1780 1040 1849 καί
1068 1778 1219 1862 εἴσδυσις
1240 1783 1296 1848 καὶ
1317 1780 1377 1866 με’-

267 1887 323 1964 λος
343 1884 600 1975 μονοστροφικὸν
631 1881 807 1971 οἰμοιβαῖον
831 1886 994 1971 περιόδων
1023 1881 1205 1973 τεσσάρων,
1242 1884 1381 1966 ε’ναλίδξ

266 1993 324 2056 τοῦ
342 1993 441 2075 χοροῦ
460 1988 494 2056 ἐν
515 1987 656 2056 ἐκθέσει.
680 1984 859 2057 δεκόκωλοι
880 1988 918 2056 δέ
939 1987 1022 2057 εἰσιν
1041 1985 1075 2055 αἰ
1091 1985 1251 2075 περίοδοι.
1279 1981 1379 2054 Ἰωνι-

268 2090 326 2162 κὸν
350 2092 386 2159 δὲ
409 2085 483 2160 οἰπὸ
497 2090 644 2176 μείζονος
665 2091 715 2176 [τὸ
736 2092 878 2178 μέτρον].
917 2085 959 2159 ὧν
980 2091 1022 2158 τὸ
1040 2091 1100 2177 μέν
1124 2092 1212 2159 ἐστιν
1231 2088 1379 2180 ἓφδημι-
1433 2178 1436 2183 .

268 2199 363 2284 μερῆ,
384 2195 440 2262 δίο
464 2193 500 2262 δὲ
519 2192 666 2285 ἡμιόλια,
688 2195 726 2261 τὸ
748 2193 902 2284 τέταρτον
923 2195 1037 2264 καὶτὸ
1061 2195 1204 2264 δέκατον.
1237 2194 1381 2284 [εἴρηται

269 2299 306 2366 δὲ
327 2300 411 2365 κατὰ
431 2298 489 2388 τὴν
511 2297 640 2387 πρώτην
665 2293 771 2387 χώραν
797 2299 853 2365 καὶ
879 2297 988 2366 παίων
1008 2292 1077 2365 ἄντ’
1099 2291 1244 2367 Ἰωνικοῦ.
1287 2298 1321 2365 ἒν
1341 2297 1380 2365 δέ

269 2422 338 2468 τισι
355 2400 411 2469 καὶ
432 2401 623 2489 διτρόχαιος.
666 2393 717 2490 ἐφ’
745 2396 864 2490 ἑκάστῃ
894 2402 1039 2491 περιόδῳ
1066 2402 1291 2491 παροίχραφος.
1319 2400 1379 2468 ἐπὶ

269 2510 317 2594 τῷ
335 2505 421 2573 τέλει
441 2512 499 2595 τῆς
519 2504 672 2595 τετάρτης
692 2505 906 2596 παράχροφος
928 2509 984 2574 καὶ
1006 2504 1161 2596 κορωνίς.]

361 2617 600 2678 1151—1262.
655 2600 755 2696 ἰίπαχί
788 2609 822 2689 ἐς
848 2607 1010 2697 μακαρίαν
1037 2636 1045 2678 :
1080 2607 1251 2698 [Κορωνὶς
1281 2603 1381 2688 αὖθις

271 2709 365 2803 ἑτέρα
394 2710 561 2783 εἰσιόντων
589 2720 653 2780 τῶν
674 2710 867 2798 ὑποκριτῶν.
898 2709 930 2779 οἰ
952 2714 988 2781 δὲ
1010 2711 1115 2796 στίχοι
1139 2712 1286 2799 ἰαμβικοί
1310 2711 1380 2800 τρί-

271 2843 383 2908 μετρσι
403 2816 617 2906 οἰκατοίληκτοι
639 2812 714 2905 ριδ’,
739 2816 822 2905 πλὴν
841 2822 900 2882 τοῦ
919 2815 983 2905 πη’
1010 2813 1165 2902 ἰαμβικοῦ
1183 2815 1382 2903 μονομέτρου

273 2921 581 3013 βραχυκαταλήκτοο.
611 2913 654 2987 ὧν
677 2915 695 2989 ὸ
716 2923 901 2999 τελευταῖος

483 3044 555 3096 ἰδεῖν
573 3041 680 3115 ἀμείνω
697 3048 730 3116 τῇ
748 3045 912 3112 Κεχηναίων
930 3038 1017 3095 πόλει.

272 3141 333 3210 ε’πί
354 3149 401 3230 τῷ
424 3141 509 3210 τέλει
530 3141 687 3229 κορωνίς]

364 3255 602 3315 1263--1273,
646 3246 795 3336 Κορωνὶς
827 3245 899 3313 ’δέ’
916 3241 1037 3328 ε’ξίασι
1057 3245 1118 3333 χὸρ
1141 3242 1174 3311 οἰ
1196 3242 1382 3331 ὑποκριταί.

275 3349 330 3418 καί
348 3346 419 3417 ἔστι
443 3348 570 3437 συζυγία
600 3349 844 3440 ἕπίρρηματική.
881 3343 918 3440 ἧς
939 3346 974 3416 αἰ
997 3347 1055 3433 μὲν
1082 3350 1211 3433 μελικαὶ
1232 3345 1383 3436 περίοδοι

274 3450 452 3523 δεκόκωλοί
473 3451 545 3520 εἰσι.
567 3453 621 3520 καὶ
645 3447 746 3520 αἰτῶν
765 3455 803 3521 τὸ
825 3454 886 3538 μὲν
907 3459 1038 3541 πρῶτον
1061 3450 1213 3536 ἰαμβικὸν
1234 3449 1382 3541 ὸφδημι-

273 3557 382 3646 μερές,
422 3557 461 3646 [ἢ
491 3555 528 3638 ἐξ
553 3550 778 3624 όντισπόστου
811 3555 866 3622 καὶ
892 3555 1069 3645 χοριόμβου
1105 3553 1253 3644 δίμετρον
1281 3553 1383 3641 ὸπερ-

276 3657 495 3748 κατάληκτον].
538 3659 577 3726 τὸ
598 3658 635 3726 δέ
655 3655 691 3745 β’
712 3657 902 3727 δακτυλικὸν
928 3657 1064 3748 τρίπουν
1091 3656 1139 3738 εἰς
1161 3655 1382 3744 δισυλλαβίαν.

277 3764 334 3851 [τὸ
358 3759 467 3849 τρίτον
494 3762 530 3844 ἐξ
557 3761 724 3853 ἐπιτρίτου
748 3763 915 3852 δευτέρου,
951 3758 1129 3851 χοριοίμβου
1157 3762 1214 3830 καί
1241 3756 1385 3828 Ἰωνικοῦ

276 3861 334 3936 ἀπ’
372 3866 543 3948 ἐλάττονος
583 3866 751 3956 τρίμετρον
784 3862 1032 3957 οἰκατόληκτον]
1078 3865 1117 3933 τὸ
1150 3862 1183 3933 δ’
1217 3863 1385 3952 τροχαϊκὸν
1430 3935 1436 3943 ,

276 3970 411 4061 τρίπουν
430 3967 657 4061 ἓφδημιμερές.
688 3970 726 4038 τὸ
746 3967 774 4037 ε’
797 3970 915 4038 ἐπικὸν
939 3967 1168 4060 ἓφδημιμερὲς.
1189 3968 1227 4036 τὸ
1249 3964 1285 4050 ς’
1309 3964 1386 4051 ἰαμ-

277 4075 370 4162 βικὸν
391 4073 541 4162 δίμετρον
561 4070 789 4163 ἀκατάληκτον.
815 4073 852 4142 τὸ
874 4069 904 4155 ζ’
924 4072 1092 4162 τροχαϊκὸν
1114 4069 1264 4160 δίμετρον
1285 4069 1387 4158 ὑπερ-

364 4290 380 4345 1
397 4286 440 4344 cf.
463 4288 661 4357 κωλομετρίαν.
766 4284 783 4340 2
801 4283 843 4339 Cf.
861 4287 1059 4357 κωλομετρίαν.
