3134 4984
585 290 689 345 124

755 449 875 513 Vix
914 468 1134 531 operae
1178 448 1450 531 pretium
1497 448 1814 513 videretur
1830 496 1846 524 ‚
1918 448 2157 513 scholia
2194 446 2541 531 Byzantina
2559 495 2575 523 ‚
2634 465 2792 527 quae

581 550 876 635 pleraque
922 552 1050 617 sint
1091 552 1299 617 ieiuna
1342 554 1407 617 et
1449 552 1705 617 inutilia
1720 601 1736 629 ‚
1780 537 1849 615 in
1893 552 2101 616 lucem
2145 552 2328 616 edere
2342 599 2360 627 ‚
2396 550 2518 615 nisi
2559 570 2796 633 magna

581 658 868 721 veterum
907 656 1289 721 scholiorum
1328 676 1474 740 pars
1527 657 1595 720 in
1647 656 1869 721 iisdem
1913 656 2090 720 nobis
2122 654 2361 720 tradita
2399 656 2580 721 esset.
2666 654 2796 719 iam

581 778 770 843 supra
809 760 1113 825 nonnulla
1152 760 1338 825 huius
1380 761 1473 825 rei
1521 760 1802 843 exempla
1855 760 2185 825 attulimus
2241 759 2419 825 velut
2458 758 2653 823 schol.
2701 776 2795 841 eq.

583 868 707 928 756
755 865 820 928 et
862 882 996 947 pac.
1040 869 1197 940 459,
1240 882 1433 946 quae,
1485 882 1674 947 quam
1725 864 1975 947 integra
2026 865 2097 928 in
2139 862 2507 927 recentioris
2548 864 2797 945 tempo-

578 967 667 1031 ris
712 966 966 1033 scholiis
1012 968 1202 1034 verba
1239 966 1566 1032 Heliodori
1604 969 1932 1053 serventur
1947 1018 1963 1046 ‚
2006 966 2379 1051 gravissimo
2424 967 2575 1030 sunt
2611 966 2798 1030 testi-

576 1073 806 1136 monio.
896 1071 1006 1136 sed
1048 1071 1308 1154 longum
1355 1071 1453 1134 est
1494 1072 1704 1136 cetera
1749 1071 1959 1135 omnia
2001 1070 2188 1135 huius
2230 1068 2481 1152 generis
2512 1068 2802 1151 exempla

577 1175 699 1239 hoc
743 1174 883 1240 loco
928 1175 1209 1256 repetere
1222 1223 1238 1251 ‚
1313 1192 1576 1257 quorum
1620 1175 1687 1238 in
1735 1173 2000 1259 singulis
2045 1174 2552 1238 annotationibus
2615 1190 2800 1236 men-

576 1277 810 1343 tionem
853 1278 982 1342 iam
1025 1277 1163 1343 feci.

752 1380 1006 1447 Scholia
1074 1383 1289 1447 autem
1354 1382 1735 1464 Byzantina,
1820 1380 2069 1446 etiamsi
2145 1399 2448 1464 magnum
2517 1378 2806 1444 omnium

576 1506 786 1552 rerum
826 1487 1160 1552 ostendant
1200 1505 1602 1564 consensum,
1643 1488 1856 1551 tamen
1882 1505 2010 1550 non
2041 1485 2249 1550 omnia
2279 1486 2359 1549 ab
2387 1502 2511 1549 uno
2542 1484 2804 1549 eodem-

579 1609 697 1675 que
757 1592 1009 1656 auctore
1068 1593 1216 1656 sunt
1281 1590 1593 1673 profecta,
1671 1590 1835 1674 quod
1891 1590 2017 1654 iam
2073 1589 2290 1672 paucis
2347 1587 2556 1654 verbis
2609 1606 2804 1672 expo-

577 1714 726 1761 nere
768 1694 974 1763 liceat.

750 1799 927 1864 Inter
968 1797 1206 1863 scholia
1251 1798 1421 1862 enim
1462 1798 1529 1862 in
1566 1796 1832 1861 Plutum
1875 1796 2230 1881 conscripta
2245 1846 2262 1875 ,
2305 1816 2464 1880 quae
2502 1797 2806 1882 pleraque

580 1902 661 1966 ad
705 1901 971 1967 eundem
1014 1900 1337 1967 referenda
1381 1902 1529 1965 sunt
1589 1902 1913 1965 auctorem
1930 1949 1946 1977 ‚
2027 1900 2276 1984 singula
2332 1902 2580 1966 exstant
2622 1900 2807 1965 nullo

580 2004 766 2070 dubio
826 2004 983 2069 alius
1035 2004 1394 2087 interpretis
1452 2003 1629 2070 velut
1685 2004 1878 2067 schol.
1924 2002 2023 2067 ad.
2068 2026 2124 2070 v.
2160 2010 2285 2069 637
2351 2000 2422 2066 τὸ
2469 1996 2807 2089 συστημά-

575 2131 715 2173 τιον
762 2132 818 2172 κ.
854 2132 911 2172 τ.
944 2108 997 2171 λ.
1017 2156 1035 2184 ,
1114 2109 1219 2191 (cf.
1271 2107 1464 2174 schol.
1498 2114 1622 2172 627
1644 2157 1660 2185 ,
1702 2107 1812 2172 ubi
1856 2107 2073 2172 eadem
2115 2107 2255 2173 cola
2308 2109 2437 2172 iam
2489 2107 2810 2190 explicata

581 2213 787 2295 sunt),
862 2212 961 2277 cui
1016 2214 1081 2277 et
1123 2212 1457 2277 tribuenda
1497 2211 1792 2277 videntur
1833 2211 2073 2277 scholia
2127 2211 2196 2275 in
2235 2213 2389 2296 Reg.
2440 2210 2679 2276 tradita
2721 2212 2809 2276 ad

579 2338 637 2383 v.
672 2324 829 2394 303,
876 2322 1001 2379 487
1047 2316 1112 2380 et
1161 2321 1348 2379 1052.
1437 2317 1647 2380 cetera
1701 2316 1914 2379 autem
1975 2314 2245 2391 scholia,
2322 2334 2478 2398 quae
2516 2315 2609 2379 ita
2653 2317 2812 2379 sunt

579 2420 921 2503 composita
935 2468 951 2496 ,
1022 2421 1094 2484 ut
1133 2438 1258 2483 non
1318 2419 1523 2484 solum
1581 2419 1871 2483 continue
1925 2418 2090 2483 inter
2155 2437 2222 2483 se
2271 2418 2614 2501 excipiant,
2691 2419 2809 2485 sed

580 2525 774 2589 etiam
835 2542 1145 2607 nusquam
1213 2525 1387 2587 extra
1450 2522 1836 2606 praescripta
1914 2523 2222 2606 quaedam
2276 2523 2367 2606 (in
2409 2523 2602 2588 schol.
2647 2524 2809 2606 253)

579 2627 814 2692 tradita
854 2627 1288 2710 egrediantur,
1362 2627 1440 2691 ab
1481 2645 1607 2691 uno
1658 2627 1998 2709 eodemque
2061 2627 2477 2711 grammatico
2517 2621 2811 2709 profecta

578 2752 714 2797 esse
731 2781 747 2809 ‚
831 2731 1413 2796 manifestissimum
1498 2730 1768 2796 videtur.
1878 2730 2158 2795 eiusdem
2243 2733 2450 2796 autem
2525 2730 2810 2795 auctoris

579 2834 817 2901 scholia
860 2838 1007 2900 sunt
1048 2835 1126 2899 ad
1171 2834 1368 2898 nubes
1413 2835 1769 2918 conscripta
1788 2884 1804 2912 ,
1879 2835 1987 2898 ubi
2028 2854 2152 2899 non
2206 2835 2413 2899 solum
2465 2835 2813 2917 praecepta

576 2938 691 3003 illa
730 2939 833 3022 (cf.
883 2939 1076 3003 schol.
1120 2938 1284 3002 Plut.
1318 2937 1472 3019 253)
1528 2937 1996 3003 accuratissime
2041 2941 2400 3016 servantur,
2458 2937 2568 3003 sed
2611 2938 2811 3003 etiam

576 3041 732 3106 talia
803 3038 892 3118 ὡς
944 3035 1241 3122 εἴπομεν,
1314 3036 1403 3117 ὡς
1454 3034 1698 3127 εἴρηται
1773 3042 2088 3124 permulta
2160 3042 2426 3107 eundem
2484 3043 2811 3107 testantur

579 3148 933 3224 auctorem,
1010 3145 1089 3210 cf.
1134 3144 1329 3210 schol.
1376 3150 1500 3209 263
1565 3139 1657 3220 ὡς
1714 3139 1988 3225 εἴπομεν
2056 3147 2123 3211 et
2180 3146 2376 3210 schol.
2422 3146 2594 3212 Plut.
2644 3153 2812 3223 4873

579 3249 772 3314 schol.
819 3249 963 3314 nub.
997 3253 1123 3312 275
1171 3250 1236 3313 et
1277 3247 1469 3313 schol.
1514 3248 1684 3312 Plut.
1719 3252 1876 3323 598;
1922 3248 2116 3314 schol.
2147 3234 2303 3314 nubs
2327 3257 2454 3315 439
2499 3251 2566 3314 et
2608 3251 2810 3315 schol.

581 3352 749 3417 Plut.
783 3358 941 3428 5983
1008 3347 1228 3415 deinde
1278 3351 1346 3415 in
1403 3352 1598 3416 schol.
1647 3350 1793 3415 nub.
1840 3357 1967 3415 700
2029 3346 2117 3428 ὥς
2176 3345 2499 3429 πολλάκις
2548 3348 2810 3438 εἴρηται

584 3461 648 3521 et
696 3457 875 3521 11111111
920 3473 1073 3539 quae
1118 3453 1304 3539 paulo
1344 3454 1507 3519 infra
1552 3454 1882 3539 leguntur,
1925 3449 2140 3519 ἶστέον
2180 3452 2252 3519 δὲ
2295 3450 2400 3519 ὅτι
2443 3452 2564 3532 τὰς
2604 3453 2810 3521 ἕκθέ-
2869 3453 2889 3468 ’

580 3581 716 3633 marg
764 3585 812 3621 κ,
852 3585 900 3621 s.
932 3560 1022 3636 1.,
1111 3558 1460 3640 spectantia
1528 3558 1609 3622 ad
1674 3558 1895 3623 scholii
1944 3559 2112 3624 Plut.
2145 3565 2270 3624 253
2324 3561 2513 3625 haec:
2584 3554 2811 3623 ἰστέον

576 3661 612 3721 Ji
624 3685 712 3737 11,
764 3661 864 3725 ἱέμε
908 3656 1171 3726 τίθεται
1216 3685 1269 3725 κ.
1302 3686 1357 3725 τ.
1387 3660 1475 3738 λ.;
1533 3681 1733 3744 neque
1781 3661 1988 3726 minus
2031 3663 2154 3727 huc
2198 3664 2519 3746 pertinent
2564 3664 2814 3728 scholia

584 3773 696 3829 {uzi
732 3817 744 3841 ,
816 3775 973 3831 11109
1036 3767 1103 3832 et
1145 3766 1285 3831 alia.
1374 3765 1449 3829 ad
1523 3766 1790 3831 eundem
1864 3767 2187 3831 auctorem
2254 3767 2582 3832 referenda
2658 3770 2814 3833 sunt

584 3873 816 3937 1101101111,
868 3873 924 3933 in
966 3869 1207 3953 equites
1252 3869 1517 3954 scripta,
1563 3870 1644 3934 cf.
1691 3868 1885 3935 schol.
1935 3888 2028 3953 eq.
2063 3877 2188 3934 498
2234 3868 2344 3933 διὰ
2388 3866 2461 3934 δὲ
2505 3867 2582 3934 τὸ
2633 3894 2811 3956 προ-

584 3973 896 4037 πῖἔὲεηίωε
956 3978 1072 4061 τῆς
1126 3967 1595 4061 παραβάσεως,
1667 3969 2031 4055 κομμάτιον
2081 3976 2274 4057 χοροῦ
2331 3970 2809 4056 ὀνομάζεσθαι,

584 4073 668 4153 1³³5
712 4077 956 4165 {svestra
1000 4080 1065 4145 et
1108 4081 1254 4144 nub.
1288 4085 1451 4155 5103
1527 4077 1720 4143 schol.
1764 4096 1858 4159 eq.
1896 4083 2064 4142 1070
2104 4078 2170 4141 et
2214 4078 2383 4141 Plut.
2434 4084 2636 4155 1042,
2697 4079 2815 4143 ubi

586 4181 812 4249 similia
884 4185 1178 4269 leguntur
1252 4179 1395 4249 ἔστι
1471 4178 1543 4245 δὲ
1617 4177 2214 4267 βραχυκατοὶληκτον
2280 4177 2357 4244 τὸ
2418 4173 2811 4262 λειπόμενον

584 4279 732 4346 filei·
800 4289 999 4369 ..ωὸὸς
1081 4286 1247 4377 πρὸς
1329 4284 1750 4373 ἀπαρτισμὸν
1822 4289 1931 4372 τῆς
1997 4280 2290 4368 συζυγίας
2363 4284 2488 4347 τῶν
2563 4283 2814 4353 ποδῶν.
2883 4345 2889 4350 .
