<?xml version="1.0" encoding="UTF-8"?>
<!DOCTYPE html PUBLIC "-//W3C//DTD XHTML 1.0 Transitional//EN"
    "http://www.w3.org/TR/xhtml1/DTD/xhtml1-transitional.dtd">
<html xmlns="http://www.w3.org/1999/xhtml" xml:lang="en" lang="en">
 <head>
  <title>
</title>
<meta http-equiv="Content-Type" content="text/html;charset=utf-8" />
  <meta name='ocr-system' content='tesseract 3.04.00' />
  <meta name='ocr-capabilities' content='ocr_page ocr_carea ocr_par ocr_line ocrx_word'/>
</head>
<body>
  <div class='ocr_page' id='page_1' title='image "./colometriaearis00unkngoog_0091.png"; bbox 0 0 3134 4984; ppageno 0'>
   <div class='ocr_carea' id='block_1_1' title="bbox 607 314 1283 372">
    <p class='ocr_par' dir='ltr' id='par_1_1' title="bbox 607 314 1283 372">
     <span class='ocr_line' id='line_1_1' title="bbox 607 314 1283 372; baseline -0.007 0"><span class='ocrx_word' id='word_1_1' title='bbox 607 316 715 372; x_wconf 74' lang='lat' dir='ltr'><strong>Scholia</strong></span> <span class='ocrx_word' id='word_1_2' title='bbox 730 315 759 371; x_wconf 86' lang='lat' dir='ltr'><strong><em>in</em></strong></span> <span class='ocrx_word' id='word_1_3' title='bbox 777 332 848 372; x_wconf 80' lang='grc' dir='ltr'><strong><em>ατεε.</em></strong></span> <span class='ocrx_word' id='word_1_4' title='bbox 1250 314 1283 368; x_wconf 80' lang='grc'><strong><em>79</em></strong></span> 
     </span>
    </p>
   </div>
   <div class='ocr_carea' id='block_1_2' title="bbox 148 464 1320 4186">
    <p class='ocr_par' dir='ltr' id='par_1_2' title="bbox 176 464 1286 875">
     <span class='ocr_line' id='line_1_2' title="bbox 176 464 1286 563; baseline -0.008 -19"><span class='ocrx_word' id='word_1_5' title='bbox 176 473 280 563; x_wconf 77' lang='grc' dir='ltr'><strong><em>μερίς.</em></strong></span> <span class='ocrx_word' id='word_1_6' title='bbox 303 476 341 542; x_wconf 88' lang='grc' dir='ltr'><strong><em>τὸ</em></strong></span> <span class='ocrx_word' id='word_1_7' title='bbox 358 470 404 542; x_wconf 83' lang='grc' dir='ltr'><strong><em>ιε’</em></strong></span> <span class='ocrx_word' id='word_1_8' title='bbox 418 471 573 559; x_wconf 77' lang='grc' dir='ltr'><strong><em>ἰαμβικὸν</em></strong></span> <span class='ocrx_word' id='word_1_9' title='bbox 596 469 829 563; x_wconf 74' lang='grc' dir='ltr'><strong><em>ἕφθημιμερίς.</em></strong></span> <span class='ocrx_word' id='word_1_10' title='bbox 851 471 890 538; x_wconf 92' lang='grc' dir='ltr'><strong><em>τὸ</em></strong></span> <span class='ocrx_word' id='word_1_11' title='bbox 905 470 953 552; x_wconf 88' lang='grc' dir='ltr'><strong><em>ις’</em></strong></span> <span class='ocrx_word' id='word_1_12' title='bbox 975 465 1088 555; x_wconf 79' lang='grc' dir='ltr'><strong><em>ὅμοιον</em></strong></span> <span class='ocrx_word' id='word_1_13' title='bbox 1102 474 1148 557; x_wconf 80' lang='grc' dir='ltr'><strong><em>τῷ</em></strong></span> <span class='ocrx_word' id='word_1_14' title='bbox 1163 464 1286 557; x_wconf 80' lang='grc' dir='ltr'><strong><em>πρώτῳ</em></strong></span> 
     </span>
     <span class='ocr_line' id='line_1_3' title="bbox 177 574 1286 666; baseline -0.007 -19"><span class='ocrx_word' id='word_1_15' title='bbox 177 577 419 666; x_wconf 81' lang='grc' dir='ltr'><strong><em>πενθημιμερὲς</em></strong></span> <span class='ocrx_word' id='word_1_16' title='bbox 441 577 477 644; x_wconf 75' lang='grc' dir='ltr'><strong><em>ἐκ</em></strong></span> <span class='ocrx_word' id='word_1_17' title='bbox 498 576 722 661; x_wconf 78' lang='grc' dir='ltr'><strong><em>διαλελυμένον</em></strong></span> <span class='ocrx_word' id='word_1_18' title='bbox 739 577 927 664; x_wconf 84' lang='grc' dir='ltr'><strong><em>χορισίμβοο.</em></strong></span> <span class='ocrx_word' id='word_1_19' title='bbox 951 574 1009 642; x_wconf 77' lang='grc' dir='ltr'><strong><em>ἐπὶ</em></strong></span> <span class='ocrx_word' id='word_1_20' title='bbox 1023 580 1071 662; x_wconf 78' lang='grc' dir='ltr'><strong><em>τῷ</em></strong></span> <span class='ocrx_word' id='word_1_21' title='bbox 1084 574 1169 640; x_wconf 82' lang='grc' dir='ltr'><strong><em>τέλει</em></strong></span> <span class='ocrx_word' id='word_1_22' title='bbox 1184 575 1286 662; x_wconf 78' lang='grc' dir='ltr'><strong><em>διπλῆ</em></strong></span> 
     </span>
     <span class='ocr_line' id='line_1_4' title="bbox 178 673 1285 770; baseline -0.005 -20"><span class='ocrx_word' id='word_1_23' title='bbox 178 681 243 750; x_wconf 72' lang='grc' dir='ltr'><strong><em>ἔσω</em></strong></span> <span class='ocrx_word' id='word_1_24' title='bbox 273 688 434 749; x_wconf 86' lang='grc' dir='ltr'><strong><em>νενευκυῖα</em></strong></span> <span class='ocrx_word' id='word_1_25' title='bbox 467 680 522 747; x_wconf 89' lang='grc' dir='ltr'><strong><em>ὸιὸ</em></strong></span> <span class='ocrx_word' id='word_1_26' title='bbox 558 681 613 770; x_wconf 76' lang='grc' dir='ltr'><strong><em>τὴν</em></strong></span> <span class='ocrx_word' id='word_1_27' title='bbox 650 673 881 750; x_wconf 80' lang='grc' dir='ltr'><strong><em>ἀνταπόδοσιν.</em></strong></span> <span class='ocrx_word' id='word_1_28' title='bbox 925 677 989 746; x_wconf 82' lang='grc' dir='ltr'><strong><em>εἰσί</em></strong></span> <span class='ocrx_word' id='word_1_29' title='bbox 1026 678 1062 746; x_wconf 82' lang='grc' dir='ltr'><strong><em>ὸὲ</em></strong></span> <span class='ocrx_word' id='word_1_30' title='bbox 1100 679 1156 744; x_wconf 83' lang='grc' dir='ltr'><strong><em>καὶ</em></strong></span> <span class='ocrx_word' id='word_1_31' title='bbox 1185 681 1285 745; x_wconf 78' lang='grc' dir='ltr'><strong><em>ταῦτα</em></strong></span> 
     </span>
     <span class='ocr_line' id='line_1_5' title="bbox 179 785 495 875; baseline -0.003 -24"><span class='ocrx_word' id='word_1_32' title='bbox 179 785 495 875; x_wconf 71' lang='grc' dir='ltr'><strong><em>πολυσχημοίτιστα.]]</em></strong></span> 
     </span>
    </p>

    <p class='ocr_par' dir='ltr' id='par_1_3' title="bbox 267 911 1126 971">
     <span class='ocr_line' id='line_1_6' title="bbox 267 911 1126 971; baseline 0 -2"><span class='ocrx_word' id='word_1_33' title='bbox 267 911 1126 971; x_wconf 80' lang='grc'><strong><em>752-768.............</em></strong></span> 
     </span>
    </p>

    <p class='ocr_par' dir='ltr' id='par_1_4' title="bbox 178 1009 1285 1312">
     <span class='ocr_line' id='line_1_7' title="bbox 268 1009 1284 1107; baseline -0.005 -18"><span class='ocrx_word' id='word_1_34' title='bbox 268 1026 461 1089; x_wconf 83' lang='grc'><strong><em>769-784.</em></strong></span> <span class='ocrx_word' id='word_1_35' title='bbox 519 1018 674 1104; x_wconf 58' lang='grc' dir='ltr'><strong><em>Πτοιάνὸε</em></strong></span> <span class='ocrx_word' id='word_1_36' title='bbox 703 1042 711 1084; x_wconf 85' lang='lat'>:</span> <span class='ocrx_word' id='word_1_37' title='bbox 747 1015 800 1081; x_wconf 84' lang='lat' dir='ltr'><strong><em>‘H</em></strong></span> <span class='ocrx_word' id='word_1_38' title='bbox 828 1015 952 1106; x_wconf 77' lang='grc' dir='ltr'><strong><em>ἀντιμὸν)</em></strong></span> <span class='ocrx_word' id='word_1_39' title='bbox 994 1017 1050 1085; x_wconf 84' lang='grc' dir='ltr'><strong><em>καὶ</em></strong></span> <span class='ocrx_word' id='word_1_40' title='bbox 1087 1009 1284 1107; x_wconf 77' lang='grc' dir='ltr'><strong><em>σίντιστροφὴ</em></strong></span> 
     </span>
     <span class='ocr_line' id='line_1_8' title="bbox 179 1114 1285 1211; baseline -0.004 -21"><span class='ocrx_word' id='word_1_41' title='bbox 179 1122 276 1207; x_wconf 90' lang='grc' dir='ltr'><strong><em>ὸμοία</em></strong></span> <span class='ocrx_word' id='word_1_42' title='bbox 296 1119 373 1190; x_wconf 77' lang='grc' dir='ltr'><strong><em>καθ’</em></strong></span> <span class='ocrx_word' id='word_1_43' title='bbox 396 1117 532 1188; x_wconf 72' lang='grc' dir='ltr'><strong><em>ἕκαστόν</em></strong></span> <span class='ocrx_word' id='word_1_44' title='bbox 551 1120 622 1187; x_wconf 76' lang='grc' dir='ltr'><strong><em>ἔστι</em></strong></span> <span class='ocrx_word' id='word_1_45' title='bbox 641 1127 682 1209; x_wconf 77' lang='grc' dir='ltr'><strong><em>τῇ</em></strong></span> <span class='ocrx_word' id='word_1_46' title='bbox 700 1124 826 1210; x_wconf 78' lang='grc' dir='ltr'><strong><em>στροφῇ</em></strong></span> <span class='ocrx_word' id='word_1_47' title='bbox 847 1122 902 1187; x_wconf 81' lang='grc' dir='ltr'><strong><em>καί</em></strong></span> <span class='ocrx_word' id='word_1_48' title='bbox 923 1114 1130 1211; x_wconf 80' lang='grc' dir='ltr'><strong><em>σίντιστροφῇ.</em></strong></span> <span class='ocrx_word' id='word_1_49' title='bbox 1157 1120 1217 1186; x_wconf 77' lang='grc' dir='ltr'><strong><em>ἐπὶ</em></strong></span> <span class='ocrx_word' id='word_1_50' title='bbox 1238 1127 1285 1209; x_wconf 78' lang='grc' dir='ltr'><strong><em>τῷ</em></strong></span> 
     </span>
     <span class='ocr_line' id='line_1_9' title="bbox 178 1220 800 1312; baseline -0.003 -20"><span class='ocrx_word' id='word_1_51' title='bbox 178 1222 321 1292; x_wconf 72' lang='grc' dir='ltr'><strong><em>τέλειαί</em></strong></span> <span class='ocrx_word' id='word_1_52' title='bbox 344 1223 498 1312; x_wconf 74' lang='grc' dir='ltr'><strong><em>συνήθεις</em></strong></span> <span class='ocrx_word' id='word_1_53' title='bbox 516 1220 574 1291; x_wconf 83' lang='grc' dir='ltr'><strong><em>δίο</em></strong></span> <span class='ocrx_word' id='word_1_54' title='bbox 597 1226 743 1312; x_wconf 69' lang='grc' dir='ltr'><strong><em>ὸιπλαῖ.]]</em></strong></span> <span class='ocrx_word' id='word_1_55' title='bbox 797 1266 800 1273; x_wconf 91' lang='lat'>·</span> 
     </span>
    </p>

    <p class='ocr_par' dir='ltr' id='par_1_5' title="bbox 178 1336 1320 1536">
     <span class='ocr_line' id='line_1_10' title="bbox 267 1336 1285 1434; baseline -0.002 -22"><span class='ocrx_word' id='word_1_56' title='bbox 267 1352 463 1412; x_wconf 78' lang='lat'><strong>785-800.</strong></span> <span class='ocrx_word' id='word_1_57' title='bbox 523 1343 645 1431; x_wconf 59' lang='grc' dir='ltr'><strong><em>βούὸὲν</em></strong></span> <span class='ocrx_word' id='word_1_58' title='bbox 679 1336 743 1410; x_wconf 72' lang='grc' dir='ltr'><strong><em>ἔστ’</em></strong></span> <span class='ocrx_word' id='word_1_59' title='bbox 778 1341 940 1428; x_wconf 74' lang='grc' dir='ltr'><strong><em>ὸίμεινοντ</em></strong></span> <span class='ocrx_word' id='word_1_60' title='bbox 980 1345 1027 1411; x_wconf 92' lang='grc' dir='ltr'><strong><em>Τὸ</em></strong></span> <span class='ocrx_word' id='word_1_61' title='bbox 1065 1337 1285 1434; x_wconf 82' lang='grc' dir='ltr'><strong><em>οἰντεπίρρημα</em></strong></span> 
     </span>
     <span class='ocr_line' id='line_1_11' title="bbox 178 1442 1320 1536; baseline -0.002 -20"><span class='ocrx_word' id='word_1_62' title='bbox 178 1446 291 1534; x_wconf 81' lang='grc' dir='ltr'><strong><em>ὅμοιον</em></strong></span> <span class='ocrx_word' id='word_1_63' title='bbox 313 1452 360 1535; x_wconf 76' lang='grc' dir='ltr'><strong><em>τῷ</em></strong></span> <span class='ocrx_word' id='word_1_64' title='bbox 381 1442 586 1535; x_wconf 74' lang='grc' dir='ltr'><strong><em>ἐπιρρήματι.</em></strong></span> <span class='ocrx_word' id='word_1_65' title='bbox 608 1445 668 1512; x_wconf 79' lang='grc' dir='ltr'><strong><em>ἐπὶ</em></strong></span> <span class='ocrx_word' id='word_1_66' title='bbox 689 1454 735 1534; x_wconf 80' lang='grc' dir='ltr'><strong><em>τῷ</em></strong></span> <span class='ocrx_word' id='word_1_67' title='bbox 757 1446 842 1513; x_wconf 82' lang='grc' dir='ltr'><strong><em>τέλει</em></strong></span> <span class='ocrx_word' id='word_1_68' title='bbox 864 1449 964 1536; x_wconf 80' lang='grc' dir='ltr'><strong><em>διπλῆ</em></strong></span> <span class='ocrx_word' id='word_1_69' title='bbox 986 1444 1048 1529; x_wconf 72' lang='grc' dir='ltr'><strong><em>ἔξω</em></strong></span> <span class='ocrx_word' id='word_1_70' title='bbox 1068 1451 1255 1536; x_wconf 56' lang='grc' dir='ltr'><strong><em>νενευκυῖαχ</em></strong></span> <span class='ocrx_word' id='word_1_71' title='bbox 1315 1462 1320 1470; x_wconf 84' lang='grc'><em>’</em></span> 
     </span>
    </p>

    <p class='ocr_par' dir='ltr' id='par_1_6' title="bbox 179 1563 1288 1967">
     <span class='ocr_line' id='line_1_12' title="bbox 266 1563 1288 1660; baseline 0 -25"><span class='ocrx_word' id='word_1_72' title='bbox 266 1576 462 1636; x_wconf 85' lang='grc'><strong><em>801-850.</em></strong></span> <span class='ocrx_word' id='word_1_73' title='bbox 508 1567 625 1655; x_wconf 84' lang='grc' dir='ltr'><strong><em>[[ταατί</em></strong></span> <span class='ocrx_word' id='word_1_74' title='bbox 645 1565 772 1660; x_wconf 83' lang='grc' dir='ltr'><strong><em>τοιαατί</em></strong></span> <span class='ocrx_word' id='word_1_75' title='bbox 793 1592 801 1634; x_wconf 74' lang='grc' dir='ltr'><strong><em>ι</em></strong></span> <span class='ocrx_word' id='word_1_76' title='bbox 830 1566 980 1656; x_wconf 77' lang='grc' dir='ltr'><strong><em>Κορωνὶς</em></strong></span> <span class='ocrx_word' id='word_1_77' title='bbox 1001 1566 1168 1637; x_wconf 81' lang='grc' dir='ltr'><strong><em>εἰσιόντων</em></strong></span> <span class='ocrx_word' id='word_1_78' title='bbox 1189 1563 1288 1649; x_wconf 77' lang='grc' dir='ltr'><strong><em>αὖθις</em></strong></span> 
     </span>
     <span class='ocr_line' id='line_1_13' title="bbox 179 1666 1288 1763; baseline 0.002 -25"><span class='ocrx_word' id='word_1_79' title='bbox 179 1677 240 1739; x_wconf 77' lang='grc' dir='ltr'><strong><em>τῶν</em></strong></span> <span class='ocrx_word' id='word_1_80' title='bbox 261 1669 449 1759; x_wconf 74' lang='grc' dir='ltr'><strong><em>ὑποκριτῶν.</em></strong></span> <span class='ocrx_word' id='word_1_81' title='bbox 473 1667 505 1737; x_wconf 80' lang='grc' dir='ltr'><strong><em>οὶ</em></strong></span> <span class='ocrx_word' id='word_1_82' title='bbox 529 1670 566 1736; x_wconf 79' lang='grc' dir='ltr'><strong><em>δὲ</em></strong></span> <span class='ocrx_word' id='word_1_83' title='bbox 588 1668 693 1752; x_wconf 81' lang='grc' dir='ltr'><strong><em>στίχοι</em></strong></span> <span class='ocrx_word' id='word_1_84' title='bbox 718 1667 866 1753; x_wconf 83' lang='grc' dir='ltr'><strong><em>ἰαμβικοί</em></strong></span> <span class='ocrx_word' id='word_1_85' title='bbox 888 1669 1052 1759; x_wconf 89' lang='grc' dir='ltr'><strong><em>τρίμετροι</em></strong></span> <span class='ocrx_word' id='word_1_86' title='bbox 1073 1666 1288 1763; x_wconf 80' lang='grc' dir='ltr'><strong><em>οἰκατοίληκτοι</em></strong></span> 
     </span>
     <span class='ocr_line' id='line_1_14' title="bbox 179 1768 1288 1864; baseline 0.003 -24"><span class='ocrx_word' id='word_1_87' title='bbox 179 1772 219 1846; x_wconf 81' lang='grc' dir='ltr'><strong><em>ν’,</em></strong></span> <span class='ocrx_word' id='word_1_88' title='bbox 245 1775 327 1859; x_wconf 84' lang='grc' dir='ltr'><strong><em>μετὰ</em></strong></span> <span class='ocrx_word' id='word_1_89' title='bbox 347 1774 384 1841; x_wconf 80' lang='grc' dir='ltr'><strong><em>ὸὲ</em></strong></span> <span class='ocrx_word' id='word_1_90' title='bbox 405 1774 461 1840; x_wconf 91' lang='grc' dir='ltr'><strong><em>τὸν</em></strong></span> <span class='ocrx_word' id='word_1_91' title='bbox 482 1768 537 1839; x_wconf 89' lang='grc' dir='ltr'><strong><em>ιθ’</em></strong></span> <span class='ocrx_word' id='word_1_92' title='bbox 561 1771 671 1855; x_wconf 89' lang='grc' dir='ltr'><strong><em>στίχον</em></strong></span> <span class='ocrx_word' id='word_1_93' title='bbox 693 1776 799 1840; x_wconf 84' lang='grc' dir='ltr'><strong><em>κῶλον</em></strong></span> <span class='ocrx_word' id='word_1_94' title='bbox 819 1771 971 1859; x_wconf 76' lang='grc' dir='ltr'><strong><em>ἰαμβικὸν</em></strong></span> <span class='ocrx_word' id='word_1_95' title='bbox 993 1774 1189 1864; x_wconf 88' lang='grc' dir='ltr'><strong><em>μσνόμετρον</em></strong></span> <span class='ocrx_word' id='word_1_96' title='bbox 1209 1769 1288 1843; x_wconf 86' lang='grc' dir='ltr'><strong><em>οἰκο-</em></strong></span> 
     </span>
     <span class='ocr_line' id='line_1_15' title="bbox 180 1874 797 1967; baseline -0.005 -23"><span class='ocrx_word' id='word_1_97' title='bbox 180 1877 344 1967; x_wconf 80' lang='grc' dir='ltr'><strong><em>τάλνμτον.</em></strong></span> <span class='ocrx_word' id='word_1_98' title='bbox 378 1877 437 1944; x_wconf 78' lang='grc' dir='ltr'><strong><em>ἐπὶ</em></strong></span> <span class='ocrx_word' id='word_1_99' title='bbox 456 1882 504 1964; x_wconf 69' lang='grc' dir='ltr'><strong><em>τῷ</em></strong></span> <span class='ocrx_word' id='word_1_100' title='bbox 525 1875 611 1943; x_wconf 82' lang='grc' dir='ltr'><strong><em>τέλει</em></strong></span> <span class='ocrx_word' id='word_1_101' title='bbox 630 1874 797 1964; x_wconf 85' lang='grc' dir='ltr'><strong><em>κορωνίς.]]</em></strong></span> 
     </span>
    </p>

    <p class='ocr_par' dir='ltr' id='par_1_7' title="bbox 177 1992 1290 2708">
     <span class='ocr_line' id='line_1_16' title="bbox 267 1992 1289 2094; baseline 0.005 -29"><span class='ocrx_word' id='word_1_102' title='bbox 267 2005 466 2066; x_wconf 78' lang='lat'>851-858.</span> <span class='ocrx_word' id='word_1_103' title='bbox 514 1992 735 2083; x_wconf 62' lang='lat' dir='ltr'><strong><em>ffbpcoqqofflfit</em></strong></span> <span class='ocrx_word' id='word_1_104' title='bbox 755 1997 904 2085; x_wconf 83' lang='grc' dir='ltr'><strong><em>Κορωνὶς</em></strong></span> <span class='ocrx_word' id='word_1_105' title='bbox 919 1998 974 2065; x_wconf 86' lang='grc' dir='ltr'><strong><em>καί</em></strong></span> <span class='ocrx_word' id='word_1_106' title='bbox 989 1996 1139 2082; x_wconf 81' lang='grc' dir='ltr'><strong><em>εἴσθεσις</em></strong></span> <span class='ocrx_word' id='word_1_107' title='bbox 1157 2004 1289 2094; x_wconf 78' lang='grc' dir='ltr'><strong><em>1μέλους</em></strong></span> 
     </span>
     <span class='ocr_line' id='line_1_17' title="bbox 177 2095 1290 2194; baseline 0.004 -25"><span class='ocrx_word' id='word_1_108' title='bbox 177 2108 274 2190; x_wconf 80' lang='grc' dir='ltr'><strong><em>χοροῦ</em></strong></span> <span class='ocrx_word' id='word_1_109' title='bbox 296 2101 352 2167; x_wconf 85' lang='grc' dir='ltr'><strong><em>καί</em></strong></span> <span class='ocrx_word' id='word_1_110' title='bbox 375 2101 496 2189; x_wconf 78' lang='grc' dir='ltr'><strong><em>στροφὴ</em></strong></span> <span class='ocrx_word' id='word_1_111' title='bbox 528 2096 640 2167; x_wconf 80' lang='grc' dir='ltr'><strong><em>κοίλων</em></strong></span> <span class='ocrx_word' id='word_1_112' title='bbox 668 2097 907 2189; x_wconf 57' lang='grc' dir='ltr'><strong><em>ὸιαφὸρωνθῖ</em></strong></span> <span class='ocrx_word' id='word_1_113' title='bbox 951 2095 994 2168; x_wconf 79' lang='grc' dir='ltr'><strong><em>ὧν</em></strong></span> <span class='ocrx_word' id='word_1_114' title='bbox 1014 2103 1052 2171; x_wconf 92' lang='grc' dir='ltr'><strong><em>τὸ</em></strong></span> <span class='ocrx_word' id='word_1_115' title='bbox 1076 2131 1097 2170; x_wconf 95' lang='grc' dir='ltr'><strong><em>α</em></strong></span> <span class='ocrx_word' id='word_1_116' title='bbox 1103 2104 1290 2194; x_wconf 81' lang='grc' dir='ltr'><strong><em>’περίοδος</em></strong></span> 
     </span>
     <span class='ocr_line' id='line_1_18' title="bbox 180 2200 1290 2330; baseline 0.005 -59"><span class='ocrx_word' id='word_1_117' title='bbox 180 2204 218 2286; x_wconf 79' lang='grc' dir='ltr'><strong><em>ἐξ</em></strong></span> <span class='ocrx_word' id='word_1_118' title='bbox 225 2201 396 2330; x_wconf 74' lang='grc' dir='ltr'><strong><em>ἰαμβικῆς</em></strong></span> <span class='ocrx_word' id='word_1_119' title='bbox 424 2200 552 2329; x_wconf 81' lang='grc' dir='ltr'><strong><em>βάσεως</em></strong></span> <span class='ocrx_word' id='word_1_120' title='bbox 580 2203 635 2270; x_wconf 81' lang='grc' dir='ltr'><strong><em>καί</em></strong></span> <span class='ocrx_word' id='word_1_121' title='bbox 666 2208 836 2294; x_wconf 82' lang='grc' dir='ltr'><strong><em>τροχαϊκῆς</em></strong></span> <span class='ocrx_word' id='word_1_122' title='bbox 865 2207 1108 2297; x_wconf 79' lang='grc' dir='ltr'><strong><em>καταλνμτικῆς.</em></strong></span> <span class='ocrx_word' id='word_1_123' title='bbox 1145 2209 1186 2276; x_wconf 86' lang='grc' dir='ltr'><strong><em>τὰ</em></strong></span> <span class='ocrx_word' id='word_1_124' title='bbox 1217 2206 1290 2318; x_wconf 73' lang='grc' dir='ltr'><strong><em>ἑξῆς</em></strong></span> 
     </span>
     <span class='ocr_line' id='line_1_19' title="bbox 180 2297 1289 2435; baseline 0.005 -61"><span class='ocrx_word' id='word_1_125' title='bbox 180 2306 255 2396; x_wconf 94' lang='grc' dir='ltr'><strong><em>τρία</em></strong></span> <span class='ocrx_word' id='word_1_126' title='bbox 278 2306 447 2427; x_wconf 83' lang='grc' dir='ltr'><strong><em>τροχαῖκσί,</em></strong></span> <span class='ocrx_word' id='word_1_127' title='bbox 483 2307 520 2373; x_wconf 91' lang='grc' dir='ltr'><strong><em>τὸ</em></strong></span> <span class='ocrx_word' id='word_1_128' title='bbox 548 2306 607 2390; x_wconf 83' lang='grc' dir='ltr'><strong><em>μὲν</em></strong></span> <span class='ocrx_word' id='word_1_129' title='bbox 634 2303 875 2396; x_wconf 73' lang='grc' dir='ltr'><strong><em>ἓφθημιμερές,</em></strong></span> <span class='ocrx_word' id='word_1_130' title='bbox 911 2310 949 2375; x_wconf 94' lang='grc' dir='ltr'><strong><em>τὸ</em></strong></span> <span class='ocrx_word' id='word_1_131' title='bbox 973 2309 1009 2376; x_wconf 76' lang='grc' dir='ltr'><strong><em>δὲ</em></strong></span> <span class='ocrx_word' id='word_1_132' title='bbox 1038 2297 1289 2435; x_wconf 74' lang='grc' dir='ltr'><strong><em>πενθημιμερές,</em></strong></span> 
     </span>
     <span class='ocr_line' id='line_1_20' title="bbox 180 2402 1289 2498; baseline 0.003 -22"><span class='ocrx_word' id='word_1_133' title='bbox 180 2402 273 2477; x_wconf 86' lang='grc' dir='ltr'><strong><em>τὸὸ</em></strong></span> <span class='ocrx_word' id='word_1_134' title='bbox 296 2403 515 2497; x_wconf 79' lang='grc' dir='ltr'><strong><em>σίκατάλρκτον</em></strong></span> <span class='ocrx_word' id='word_1_135' title='bbox 537 2407 584 2493; x_wconf 77' lang='grc' dir='ltr'><strong><em>ὸίι</em></strong></span> <span class='ocrx_word' id='word_1_136' title='bbox 571 2434 705 2498; x_wconf 88' lang='grc' dir='ltr'><strong><em>μετρον,</em></strong></span> <span class='ocrx_word' id='word_1_137' title='bbox 736 2408 781 2489; x_wconf 84' lang='grc' dir='ltr'><strong><em>ιὸς</em></strong></span> <span class='ocrx_word' id='word_1_138' title='bbox 802 2410 857 2476; x_wconf 83' lang='grc' dir='ltr'><strong><em>καί</em></strong></span> <span class='ocrx_word' id='word_1_139' title='bbox 878 2412 915 2478; x_wconf 93' lang='grc' dir='ltr'><strong><em>τὸ</em></strong></span> <span class='ocrx_word' id='word_1_140' title='bbox 939 2408 1060 2498; x_wconf 79' lang='grc' dir='ltr'><strong><em>ὸγὸοον.</em></strong></span> <span class='ocrx_word' id='word_1_141' title='bbox 1089 2412 1128 2481; x_wconf 92' lang='grc' dir='ltr'><strong><em>τὸ</em></strong></span> <span class='ocrx_word' id='word_1_142' title='bbox 1155 2409 1187 2494; x_wconf 77' lang='grc' dir='ltr'><strong><em>ς’</em></strong></span> <span class='ocrx_word' id='word_1_143' title='bbox 1209 2406 1289 2480; x_wconf 80' lang='grc' dir='ltr'><strong><em>οἰνα-</em></strong></span> 
     </span>
     <span class='ocr_line' id='line_1_21' title="bbox 181 2508 1290 2604; baseline 0.002 -23"><span class='ocrx_word' id='word_1_144' title='bbox 181 2513 339 2603; x_wconf 77' lang='grc' dir='ltr'><strong><em>παιστικὴ</em></strong></span> <span class='ocrx_word' id='word_1_145' title='bbox 370 2509 475 2598; x_wconf 84' lang='grc' dir='ltr'><strong><em>βοίσις.</em></strong></span> <span class='ocrx_word' id='word_1_146' title='bbox 514 2513 552 2579; x_wconf 94' lang='grc' dir='ltr'><strong><em>τὸ</em></strong></span> <span class='ocrx_word' id='word_1_147' title='bbox 582 2508 614 2595; x_wconf 84' lang='grc' dir='ltr'><strong><em>ζ’</em></strong></span> <span class='ocrx_word' id='word_1_148' title='bbox 646 2510 798 2598; x_wconf 86' lang='grc' dir='ltr'><strong><em>ἰαμβικὸν</em></strong></span> <span class='ocrx_word' id='word_1_149' title='bbox 827 2510 1051 2604; x_wconf 75' lang='grc' dir='ltr'><strong><em>ἓφθημιμερὲς</em></strong></span> <span class='ocrx_word' id='word_1_150' title='bbox 1085 2517 1140 2584; x_wconf 88' lang='grc' dir='ltr'><strong><em>καί</em></strong></span> <span class='ocrx_word' id='word_1_151' title='bbox 1170 2517 1207 2584; x_wconf 93' lang='grc' dir='ltr'><strong><em>τὸ</em></strong></span> <span class='ocrx_word' id='word_1_152' title='bbox 1238 2513 1290 2584; x_wconf 83' lang='grc' dir='ltr'><strong><em>θ’.</em></strong></span> 
     </span>
     <span class='ocr_line' id='line_1_22' title="bbox 181 2609 1130 2708; baseline 0 -23"><span class='ocrx_word' id='word_1_153' title='bbox 181 2618 266 2697; x_wconf 82' lang='grc' dir='ltr'><strong><em>τινὲς</em></strong></span> <span class='ocrx_word' id='word_1_154' title='bbox 287 2616 324 2684; x_wconf 81' lang='grc' dir='ltr'><em>ὸὲ</em></span> <span class='ocrx_word' id='word_1_155' title='bbox 345 2614 568 2704; x_wconf 74' lang='grc' dir='ltr'><strong><em>προστιθέασι</em></strong></span> <span class='ocrx_word' id='word_1_156' title='bbox 591 2615 645 2682; x_wconf 82' lang='grc' dir='ltr'><strong><em>καὶ</em></strong></span> <span class='ocrx_word' id='word_1_157' title='bbox 668 2609 815 2704; x_wconf 77' lang='grc' dir='ltr'><strong><em>,,ῳ’ὸοίν.“</em></strong></span> <span class='ocrx_word' id='word_1_158' title='bbox 848 2611 901 2707; x_wconf 70' lang='grc' dir='ltr'><strong><em>ὑφ’</em></strong></span> <span class='ocrx_word' id='word_1_159' title='bbox 923 2614 942 2685; x_wconf 84' lang='grc' dir='ltr'><strong><em>ὸ</em></strong></span> <span class='ocrx_word' id='word_1_160' title='bbox 964 2616 1130 2708; x_wconf 71' lang='grc' dir='ltr'><strong><em>κορωνίς.]]</em></strong></span> 
     </span>
    </p>

    <p class='ocr_par' dir='ltr' id='par_1_8' title="bbox 180 2733 1292 3136">
     <span class='ocr_line' id='line_1_23' title="bbox 270 2733 1291 2828; baseline 0.002 -24"><span class='ocrx_word' id='word_1_161' title='bbox 270 2744 466 2804; x_wconf 81' lang='grc'><strong><em>859-863.</em></strong></span> <span class='ocrx_word' id='word_1_162' title='bbox 512 2738 664 2822; x_wconf 60' lang='grc' dir='ltr'><strong><em>βπαῦσαι</em></strong></span> <span class='ocrx_word' id='word_1_163' title='bbox 686 2736 749 2805; x_wconf 71' lang='grc' dir='ltr'><strong><em>σοι</em></strong></span> <span class='ocrx_word' id='word_1_164' title='bbox 770 2733 933 2818; x_wconf 81' lang='grc' dir='ltr'><strong><em>Εἰσθεσις</em></strong></span> <span class='ocrx_word' id='word_1_165' title='bbox 955 2739 1173 2828; x_wconf 79' lang='grc' dir='ltr'><strong><em>συστηματικὴ</em></strong></span> <span class='ocrx_word' id='word_1_166' title='bbox 1195 2740 1291 2825; x_wconf 82' lang='grc' dir='ltr'><strong><em>ἄμοι-</em></strong></span> 
     </span>
     <span class='ocr_line' id='line_1_24' title="bbox 180 2835 1292 2933; baseline 0.004 -28"><span class='ocrx_word' id='word_1_167' title='bbox 180 2837 280 2926; x_wconf 92' lang='grc' dir='ltr'><strong><em>βαίας</em></strong></span> <span class='ocrx_word' id='word_1_168' title='bbox 301 2835 340 2920; x_wconf 72' lang='grc' dir='ltr'><strong><em>ἓξ</em></strong></span> <span class='ocrx_word' id='word_1_169' title='bbox 359 2836 530 2925; x_wconf 80' lang='grc' dir='ltr'><strong><em>περιόδους</em></strong></span> <span class='ocrx_word' id='word_1_170' title='bbox 549 2836 676 2921; x_wconf 72' lang='grc' dir='ltr'><strong><em>ἔχουσα.</em></strong></span> <span class='ocrx_word' id='word_1_171' title='bbox 697 2846 753 2929; x_wconf 83' lang='grc' dir='ltr'><strong><em>τῆς</em></strong></span> <span class='ocrx_word' id='word_1_172' title='bbox 775 2841 812 2907; x_wconf 77' lang='grc' dir='ltr'><strong><em>δὲ</em></strong></span> <span class='ocrx_word' id='word_1_173' title='bbox 834 2837 965 2931; x_wconf 83' lang='grc' dir='ltr'><strong><em>πρώτης</em></strong></span> <span class='ocrx_word' id='word_1_174' title='bbox 987 2840 1092 2924; x_wconf 87' lang='grc' dir='ltr'><strong><em>στίχοι</em></strong></span> <span class='ocrx_word' id='word_1_175' title='bbox 1112 2848 1199 2933; x_wconf 85' lang='grc' dir='ltr'><strong><em>τρεῖς</em></strong></span> <span class='ocrx_word' id='word_1_176' title='bbox 1221 2840 1292 2927; x_wconf 87' lang='grc' dir='ltr'><strong><em>ἰαμ-</em></strong></span> 
     </span>
     <span class='ocr_line' id='line_1_25' title="bbox 181 2937 1292 3036; baseline 0.001 -25"><span class='ocrx_word' id='word_1_177' title='bbox 181 2942 273 3030; x_wconf 80' lang='grc' dir='ltr'><strong><em>βικοὸ</em></strong></span> <span class='ocrx_word' id='word_1_178' title='bbox 293 2937 519 3031; x_wconf 80' lang='grc' dir='ltr'><strong><em>σίκατσίληκτοι.</em></strong></span> <span class='ocrx_word' id='word_1_179' title='bbox 562 2943 619 3010; x_wconf 84' lang='grc' dir='ltr'><strong><em>καὶ</em></strong></span> <span class='ocrx_word' id='word_1_180' title='bbox 638 2943 672 3011; x_wconf 78' lang='grc' dir='ltr'><strong><em>ἐν</em></strong></span> <span class='ocrx_word' id='word_1_181' title='bbox 703 2943 857 3011; x_wconf 72' lang='grc' dir='ltr'><strong><em>2ἐκθέσει</em></strong></span> <span class='ocrx_word' id='word_1_182' title='bbox 879 2944 987 3035; x_wconf 72' lang='grc' dir='ltr'><strong><em>ἕτερος</em></strong></span> <span class='ocrx_word' id='word_1_183' title='bbox 1007 2941 1137 3030; x_wconf 91' lang='grc' dir='ltr'><strong><em>ὸμοίως.</em></strong></span> <span class='ocrx_word' id='word_1_184' title='bbox 1180 2943 1231 3036; x_wconf 72' lang='grc' dir='ltr'><strong><em>ὑφ’</em></strong></span> <span class='ocrx_word' id='word_1_185' title='bbox 1256 2938 1292 3015; x_wconf 86' lang='grc' dir='ltr'><strong><em>ὸν</em></strong></span> 
     </span>
     <span class='ocr_line' id='line_1_26' title="bbox 183 3049 424 3136; baseline -0.004 0"><span class='ocrx_word' id='word_1_186' title='bbox 183 3049 424 3136; x_wconf 71' lang='grc' dir='ltr'><strong><em>παιάνενννεθ</em></strong></span> 
     </span>
    </p>

    <p class='ocr_par' dir='ltr' id='par_1_9' title="bbox 148 3158 1297 4186">
     <span class='ocr_line' id='line_1_27' title="bbox 272 3158 1293 3255; baseline 0.003 -22"><span class='ocrx_word' id='word_1_187' title='bbox 272 3175 468 3234; x_wconf 80' lang='grc'><strong><em>864-873.</em></strong></span> <span class='ocrx_word' id='word_1_188' title='bbox 516 3166 653 3254; x_wconf 85' lang='grc' dir='ltr'><strong><em>[[ὸράσω</em></strong></span> <span class='ocrx_word' id='word_1_189' title='bbox 675 3158 767 3233; x_wconf 76' lang='grc' dir='ltr'><strong><em>τάδ’·</em></strong></span> <span class='ocrx_word' id='word_1_190' title='bbox 788 3164 893 3234; x_wconf 76' lang='grc' dir='ltr'><strong><em>οἰλλοίι</em></strong></span> <span class='ocrx_word' id='word_1_191' title='bbox 916 3164 964 3232; x_wconf 87' lang='grc' dir='ltr'><em>Ἡ</em></span> <span class='ocrx_word' id='word_1_192' title='bbox 981 3166 1114 3254; x_wconf 86' lang='grc' dir='ltr'><strong><em>ὸεστίρα</em></strong></span> <span class='ocrx_word' id='word_1_193' title='bbox 1137 3165 1293 3255; x_wconf 81' lang='grc' dir='ltr'><strong><em>περίοδος</em></strong></span> 
     </span>
     <span class='ocr_line' id='line_1_28' title="bbox 183 3262 1293 3357; baseline 0.001 -21"><span class='ocrx_word' id='word_1_194' title='bbox 183 3270 292 3338; x_wconf 71' lang='grc' dir='ltr'><strong><em>κώλων</em></strong></span> <span class='ocrx_word' id='word_1_195' title='bbox 313 3268 370 3335; x_wconf 85' lang='grc' dir='ltr'><strong><em>καί</em></strong></span> <span class='ocrx_word' id='word_1_196' title='bbox 393 3266 508 3352; x_wconf 80' lang='grc' dir='ltr'><strong><em>στίχων</em></strong></span> <span class='ocrx_word' id='word_1_197' title='bbox 529 3270 599 3337; x_wconf 78' lang='grc' dir='ltr'><strong><em>ἐστὶ</em></strong></span> <span class='ocrx_word' id='word_1_198' title='bbox 621 3268 707 3337; x_wconf 78' lang='grc' dir='ltr'><strong><em>δέκα.</em></strong></span> <span class='ocrx_word' id='word_1_199' title='bbox 744 3262 788 3335; x_wconf 78' lang='grc' dir='ltr'><strong><em>τὸν</em></strong></span> <span class='ocrx_word' id='word_1_200' title='bbox 811 3265 829 3337; x_wconf 94' lang='grc' dir='ltr'><strong><em>ὸ</em></strong></span> <span class='ocrx_word' id='word_1_201' title='bbox 851 3274 985 3357; x_wconf 79' lang='grc' dir='ltr'><strong><em>πρῶτος</em></strong></span> <span class='ocrx_word' id='word_1_202' title='bbox 1006 3267 1160 3355; x_wconf 85' lang='grc' dir='ltr'><strong><em>ἰαμβικὸς</em></strong></span> <span class='ocrx_word' id='word_1_203' title='bbox 1180 3268 1293 3357; x_wconf 88' lang='grc' dir='ltr'><strong><em>τρίμε-</em></strong></span> 
     </span>
     <span class='ocr_line' id='line_1_29' title="bbox 182 3365 1293 3463; baseline -0.001 -22"><span class='ocrx_word' id='word_1_204' title='bbox 182 3399 259 3463; x_wconf 86' lang='grc' dir='ltr'><strong><em>τρος</em></strong></span> <span class='ocrx_word' id='word_1_205' title='bbox 279 3365 509 3461; x_wconf 79' lang='grc' dir='ltr'><strong><em>ἆκατάληκτος.</em></strong></span> <span class='ocrx_word' id='word_1_206' title='bbox 541 3373 579 3440; x_wconf 88' lang='grc' dir='ltr'><strong><em>τὸ</em></strong></span> <span class='ocrx_word' id='word_1_207' title='bbox 601 3371 636 3458; x_wconf 88' lang='grc' dir='ltr'><strong><em>β’</em></strong></span> <span class='ocrx_word' id='word_1_208' title='bbox 661 3370 917 3440; x_wconf 80' lang='grc' dir='ltr'><strong><em>ἅντισπαστικὸν</em></strong></span> <span class='ocrx_word' id='word_1_209' title='bbox 939 3370 1109 3462; x_wconf 89' lang='grc' dir='ltr'><strong><em>τρίμετρον</em></strong></span> <span class='ocrx_word' id='word_1_210' title='bbox 1131 3366 1293 3463; x_wconf 82' lang='grc' dir='ltr'><strong><em>οἰκατάλη-</em></strong></span> 
     </span>
     <span class='ocr_line' id='line_1_30' title="bbox 184 3473 1291 3567; baseline 0.001 -23"><span class='ocrx_word' id='word_1_211' title='bbox 184 3503 259 3545; x_wconf 90' lang='grc' dir='ltr'><strong><em>κτον</em></strong></span> <span class='ocrx_word' id='word_1_212' title='bbox 279 3476 316 3557; x_wconf 77' lang='grc' dir='ltr'><strong><em>ἐξ</em></strong></span> <span class='ocrx_word' id='word_1_213' title='bbox 338 3473 513 3563; x_wconf 80' lang='grc' dir='ltr'><strong><em>ἐπιτρίτων</em></strong></span> <span class='ocrx_word' id='word_1_214' title='bbox 534 3476 589 3542; x_wconf 83' lang='grc' dir='ltr'><strong><em>καὶ</em></strong></span> <span class='ocrx_word' id='word_1_215' title='bbox 614 3473 795 3543; x_wconf 78' lang='grc' dir='ltr'><strong><em>σπονδείοι.</em></strong></span> <span class='ocrx_word' id='word_1_216' title='bbox 817 3475 855 3543; x_wconf 94' lang='grc' dir='ltr'><strong><em>τὸ</em></strong></span> <span class='ocrx_word' id='word_1_217' title='bbox 876 3474 908 3562; x_wconf 79' lang='grc' dir='ltr'><strong><em>χ’</em></strong></span> <span class='ocrx_word' id='word_1_218' title='bbox 931 3474 1045 3561; x_wconf 83' lang='grc' dir='ltr'><strong><em>ὅμοιον</em></strong></span> <span class='ocrx_word' id='word_1_219' title='bbox 1068 3475 1104 3557; x_wconf 75' lang='grc' dir='ltr'><strong><em>ἐξ</em></strong></span> <span class='ocrx_word' id='word_1_220' title='bbox 1118 3475 1291 3567; x_wconf 79' lang='grc' dir='ltr'><strong><em>ἐπιτρίτων</em></strong></span> 
     </span>
     <span class='ocr_line' id='line_1_31' title="bbox 184 3577 1294 3668; baseline 0 -21"><span class='ocrx_word' id='word_1_221' title='bbox 184 3581 239 3647; x_wconf 80' lang='grc' dir='ltr'><strong><em>καὶ</em></strong></span> <span class='ocrx_word' id='word_1_222' title='bbox 266 3577 347 3647; x_wconf 79' lang='grc' dir='ltr'><strong><em>αὐτὸ</em></strong></span> <span class='ocrx_word' id='word_1_223' title='bbox 375 3577 541 3666; x_wconf 88' lang='grc' dir='ltr'><strong><em>τρίμετρον</em></strong></span> <span class='ocrx_word' id='word_1_224' title='bbox 573 3579 881 3668; x_wconf 79' lang='grc' dir='ltr'><strong><em>βραχυκατσίληκτον.</em></strong></span> <span class='ocrx_word' id='word_1_225' title='bbox 928 3580 966 3647; x_wconf 92' lang='grc' dir='ltr'><strong><em>τὸ</em></strong></span> <span class='ocrx_word' id='word_1_226' title='bbox 1001 3579 1153 3668; x_wconf 83' lang='grc' dir='ltr'><strong><em>τέταρτον</em></strong></span> <span class='ocrx_word' id='word_1_227' title='bbox 1181 3577 1294 3665; x_wconf 81' lang='grc' dir='ltr'><strong><em>ὅμοιον</em></strong></span> 
     </span>
     <span class='ocr_line' id='line_1_32' title="bbox 148 3680 1294 3773; baseline -0.002 -22"><span class='ocrx_word' id='word_1_228' title='bbox 148 3693 152 3698; x_wconf 85' lang='grc'><strong>’</strong></span> <span class='ocrx_word' id='word_1_229' title='bbox 184 3683 333 3772; x_wconf 81' lang='grc' dir='ltr'><strong><em>ὸίμετρον</em></strong></span> <span class='ocrx_word' id='word_1_230' title='bbox 356 3680 585 3773; x_wconf 78' lang='grc' dir='ltr'><strong><em>οἰκατσίληκτον.</em></strong></span> <span class='ocrx_word' id='word_1_231' title='bbox 612 3683 650 3750; x_wconf 93' lang='grc' dir='ltr'><strong><em>τὸ</em></strong></span> <span class='ocrx_word' id='word_1_232' title='bbox 670 3682 699 3748; x_wconf 86' lang='grc' dir='ltr'><strong><em>ε’</em></strong></span> <span class='ocrx_word' id='word_1_233' title='bbox 721 3681 776 3749; x_wconf 81' lang='grc' dir='ltr'><strong><em>καὶ</em></strong></span> <span class='ocrx_word' id='word_1_234' title='bbox 799 3683 830 3763; x_wconf 85' lang='grc' dir='ltr'><strong><em>ς’</em></strong></span> <span class='ocrx_word' id='word_1_235' title='bbox 855 3681 988 3773; x_wconf 86' lang='grc' dir='ltr'><strong><em>ὸίμετρα</em></strong></span> <span class='ocrx_word' id='word_1_236' title='bbox 1007 3685 1294 3773; x_wconf 82' lang='grc' dir='ltr'><strong><em>βραχοκατσίληκτα</em></strong></span> 
     </span>
     <span class='ocr_line' id='line_1_33' title="bbox 184 3784 1295 3875; baseline 0 -20"><span class='ocrx_word' id='word_1_237' title='bbox 184 3789 344 3874; x_wconf 84' lang='grc' dir='ltr'><strong><em>τροχαϊκά.</em></strong></span> <span class='ocrx_word' id='word_1_238' title='bbox 390 3784 408 3856; x_wconf 87' lang='grc' dir='ltr'><strong><em>ὸ</em></strong></span> <span class='ocrx_word' id='word_1_239' title='bbox 432 3786 461 3869; x_wconf 83' lang='grc' dir='ltr'><strong><em>ζ’</em></strong></span> <span class='ocrx_word' id='word_1_240' title='bbox 484 3785 598 3871; x_wconf 83' lang='grc' dir='ltr'><strong><em>ὅμοιος</em></strong></span> <span class='ocrx_word' id='word_1_241' title='bbox 619 3794 665 3875; x_wconf 80' lang='grc' dir='ltr'><strong><em>τῷ</em></strong></span> <span class='ocrx_word' id='word_1_242' title='bbox 688 3786 733 3868; x_wconf 85' lang='grc' dir='ltr'><strong><em>α’,</em></strong></span> <span class='ocrx_word' id='word_1_243' title='bbox 755 3787 810 3853; x_wconf 89' lang='grc' dir='ltr'><strong><em>τὸν</em></strong></span> <span class='ocrx_word' id='word_1_244' title='bbox 832 3792 868 3871; x_wconf 88' lang='grc' dir='ltr'><strong><em>β’</em></strong></span> <span class='ocrx_word' id='word_1_245' title='bbox 890 3784 969 3868; x_wconf 74' lang='grc' dir='ltr'><strong><em>ἔχων</em></strong></span> <span class='ocrx_word' id='word_1_246' title='bbox 991 3790 1080 3854; x_wconf 87' lang='grc' dir='ltr'><strong><em>πόὸα</em></strong></span> <span class='ocrx_word' id='word_1_247' title='bbox 1100 3792 1235 3875; x_wconf 83' lang='grc' dir='ltr'><strong><em>χορεῖον.</em></strong></span> <span class='ocrx_word' id='word_1_248' title='bbox 1256 3786 1295 3855; x_wconf 92' lang='grc' dir='ltr'><strong><em>τὸ</em></strong></span> 
     </span>
     <span class='ocr_line' id='line_1_34' title="bbox 185 3883 1295 3981; baseline -0.001 -23"><span class='ocrx_word' id='word_1_249' title='bbox 185 3896 219 3981; x_wconf 82' lang='grc' dir='ltr'><strong><em>η’</em></strong></span> <span class='ocrx_word' id='word_1_250' title='bbox 241 3889 354 3975; x_wconf 83' lang='grc' dir='ltr'><strong><em>ὅμοιον</em></strong></span> <span class='ocrx_word' id='word_1_251' title='bbox 371 3895 418 3978; x_wconf 73' lang='grc' dir='ltr'><strong><em>τῷ</em></strong></span> <span class='ocrx_word' id='word_1_252' title='bbox 437 3898 478 3976; x_wconf 79' lang='grc' dir='ltr'><strong><em>χ’.</em></strong></span> <span class='ocrx_word' id='word_1_253' title='bbox 500 3890 538 3957; x_wconf 90' lang='grc' dir='ltr'><strong><em>τὸ</em></strong></span> <span class='ocrx_word' id='word_1_254' title='bbox 553 3894 593 3957; x_wconf 90' lang='grc' dir='ltr'><strong><em>θ’</em></strong></span> <span class='ocrx_word' id='word_1_255' title='bbox 611 3883 847 3957; x_wconf 83' lang='grc' dir='ltr'><strong><em>σίναπαιστικὸν</em></strong></span> <span class='ocrx_word' id='word_1_256' title='bbox 862 3885 1090 3979; x_wconf 74' lang='grc' dir='ltr'><strong><em>ἕφθημιμερές.</em></strong></span> <span class='ocrx_word' id='word_1_257' title='bbox 1121 3889 1158 3958; x_wconf 93' lang='grc' dir='ltr'><strong><em>τὸ</em></strong></span> <span class='ocrx_word' id='word_1_258' title='bbox 1184 3898 1211 3956; x_wconf 85' lang='grc' dir='ltr'><strong><em>ι’</em></strong></span> <span class='ocrx_word' id='word_1_259' title='bbox 1231 3883 1295 3957; x_wconf 76' lang='lat' dir='ltr'><em>&#39;Im-</em></span> 
     </span>
     <span class='ocr_line' id='line_1_35' title="bbox 185 3986 1297 4084; baseline 0.001 -24"><span class='ocrx_word' id='word_1_260' title='bbox 185 3994 277 4063; x_wconf 92' lang='grc' dir='ltr'><strong><em>νικὸν</em></strong></span> <span class='ocrx_word' id='word_1_261' title='bbox 298 3986 368 4061; x_wconf 86' lang='grc' dir='ltr'><strong><em>αἰπὸ</em></strong></span> <span class='ocrx_word' id='word_1_262' title='bbox 389 3992 534 4078; x_wconf 83' lang='grc' dir='ltr'><strong><em>μείζονος</em></strong></span> <span class='ocrx_word' id='word_1_263' title='bbox 561 3992 730 4084; x_wconf 86' lang='grc' dir='ltr'><strong><em>τρίμετρον</em></strong></span> <span class='ocrx_word' id='word_1_264' title='bbox 750 3993 1057 4083; x_wconf 79' lang='grc' dir='ltr'><strong><em>βραχοκατσίληκτσν.</em></strong></span> <span class='ocrx_word' id='word_1_265' title='bbox 1085 3992 1118 4060; x_wconf 81' lang='grc' dir='ltr'><strong><em>ἒν</em></strong></span> <span class='ocrx_word' id='word_1_266' title='bbox 1144 3993 1297 4061; x_wconf 68' lang='grc' dir='ltr'><strong><em>8ἐκθέσει</em></strong></span> 
     </span>
     <span class='ocr_line' id='line_1_36' title="bbox 186 4089 1157 4186; baseline -0.001 -22"><span class='ocrx_word' id='word_1_267' title='bbox 186 4089 217 4165; x_wconf 73' lang='grc' dir='ltr'><strong><em>δ’</em></strong></span> <span class='ocrx_word' id='word_1_268' title='bbox 239 4094 360 4183; x_wconf 77' lang='grc' dir='ltr'><strong><em>ἴαμβος</em></strong></span> <span class='ocrx_word' id='word_1_269' title='bbox 388 4104 435 4185; x_wconf 82' lang='grc' dir='ltr'><strong><em>τῷ</em></strong></span> <span class='ocrx_word' id='word_1_270' title='bbox 462 4098 583 4186; x_wconf 83' lang='grc' dir='ltr'><strong><em>πρώτῳ</em></strong></span> <span class='ocrx_word' id='word_1_271' title='bbox 611 4094 733 4181; x_wconf 79' lang='grc' dir='ltr'><strong><em>ὅμοιος.</em></strong></span> <span class='ocrx_word' id='word_1_272' title='bbox 777 4090 831 4186; x_wconf 71' lang='grc' dir='ltr'><strong><em>ὑφ’</em></strong></span> <span class='ocrx_word' id='word_1_273' title='bbox 854 4089 890 4164; x_wconf 85' lang='grc' dir='ltr'><strong><em>ὸν</em></strong></span> <span class='ocrx_word' id='word_1_274' title='bbox 912 4097 1157 4186; x_wconf 76' lang='grc' dir='ltr'><strong><em>παράχροφος.]1</em></strong></span> 
     </span>
    </p>
   </div>
   <div class='ocr_carea' id='block_1_3' title="bbox 275 4320 1070 4395">
    <p class='ocr_par' dir='ltr' id='par_1_10' title="bbox 275 4320 1070 4395">
     <span class='ocr_line' id='line_1_37' title="bbox 275 4320 1070 4395; baseline -0.003 -18"><span class='ocrx_word' id='word_1_275' title='bbox 275 4324 290 4377; x_wconf 94' lang='grc'>1</span> <span class='ocrx_word' id='word_1_276' title='bbox 308 4322 379 4395; x_wconf 78' lang='grc' dir='ltr'><strong><em>μετὰ</em></strong></span> <span class='ocrx_word' id='word_1_277' title='bbox 485 4322 503 4376; x_wconf 81' lang='lat'>2</span> <span class='ocrx_word' id='word_1_278' title='bbox 521 4326 642 4376; x_wconf 71' lang='grc' dir='ltr'><strong><em>εἰσθέσει</em></strong></span> <span class='ocrx_word' id='word_1_279' title='bbox 659 4320 723 4376; x_wconf 78' lang='lat' dir='ltr'><strong>Ald.</strong></span> <span class='ocrx_word' id='word_1_280' title='bbox 827 4323 845 4376; x_wconf 84' lang='lat'><strong>3</strong></span> <span class='ocrx_word' id='word_1_281' title='bbox 863 4323 989 4374; x_wconf 74' lang='grc' dir='ltr'><strong><em>εἰσθέσει</em></strong></span> <span class='ocrx_word' id='word_1_282' title='bbox 1007 4320 1070 4375; x_wconf 76' lang='grc' dir='ltr'><strong><em>ΑΜ.</em></strong></span> 
     </span>
    </p>
   </div>
   <div class='ocr_carea' id='block_1_4' title="bbox 0 0 1585 4984">
    <p class='ocr_par' dir='ltr' id='par_1_11' title="bbox 0 0 1585 4984">
     <span class='ocr_line' id='line_1_38' title="bbox 0 0 1585 4984; baseline 0 0"><span class='ocrx_word' id='word_1_283' title='bbox 0 0 1585 4984; x_wconf 95' lang='lat' dir='ltr'><strong><em> </em></strong></span> 
     </span>
    </p>
   </div>
  </div>
 </body>
</html>
