3134 4984
1258 262 1310 316 119

202 417 350 501 leguntur
371 418 464 483 haec:
491 416 697 495 „Perculitur
718 435 793 482 vero
824 436 932 484 versus
951 418 1168 502 anapaesticus
1189 420 1310 504 praeci-

200 541 259 606 pue
281 540 337 604 per·
349 521 523 603 dipodiam,
543 520 701 586 interdum
724 521 756 585 01
775 539 831 604 per
847 521 987 605 singulos
1005 523 1100 605 pedes
1108 529 1136 601 ,“
1160 525 1248 589 cuius
1263 525 1311 589 101

201 626 284 710 apud
305 626 570 708 Hephaestionem
594 643 748 707 nusquam
769 627 887 690 mentio
902 626 948 692 fit.
962 709 965 714 ¹
981 625 1015 690 in
1030 627 1188 692 1010111110
1204 629 1310 693 autem

200 729 327 796 scholiis
342 748 404 794 non
420 727 522 794 solum
540 728 772 811 anapaesticam
785 728 943 813 dipodiem
966 729 1017 813 (01.
1034 730 1308 815 001101100512),

200 834 255 900 sed
278 833 372 900 etiam
394 832 564 916 tripodium
583 852 638 917 per
661 831 801 916 singulos
823 832 918 916 pedes
939 833 1027 898 caedi
1048 834 1099 918 (cf.
1122 835 1219 901 schol.
1241 855 1308 920 pac.

201 943 263 1004 775
286 934 523 1016 decumbente
545 932 709 1022 aplaces),
729 938 795 1001 iam
816 956 911 1020 supra
932 938 1078 1003 uidimus.
1122 957 1181 1004 uox
1202 941 1308 1004 autem

199 1090 218 1122 „
226 1038 522 1128 βραχυκατάληκτος
531 1046 549 1074 “
564 1059 626 1106 uno
641 1041 765 1105 nonnisi
779 1040 850 1106 loco
865 1041 1002 1107 traditur
1024 1041 1075 1125 (cf.
1090 1043 1124 1107 in
1136 1043 1231 1110 schol.
1241 1062 1308 1128 pac.

200 1152 283 1210 1329
314 1143 457 1208 Ἰωνικῶν
500 1141 657 1229 διμέτρων
696 1138 1019 1231 βραχυκαταλήκτων).
1072 1166 1173 1230 neque
1205 1149 1309 1213 minus

198 1250 243 1315 M.
259 1249 440 1315 Victorinus
462 1249 566 1315 uerbis
585 1250 635 1314 his
657 1250 861 1327 „Dimetrum
881 1249 1189 1331 brachycatalectum
1212 1251 1309 1338 (anti-

198 1354 400 1437 spastioum),
425 1352 507 1439 quod
529 1353 655 1437 quidam
674 1346 906 1437 Φερεκράτειον
922 1349 1033 1430 ἀτελὲς
1048 1357 1198 1433 vocant‚“
1221 1356 1308 1422 vete-

197 1477 265 1523 rem
292 1458 450 1542 intellegit
477 1459 696 1540 interpretem,
728 1456 1063 1523 01001101.111).456
1093 1454 1131 1521 τὸ
1153 1454 1184 1522 e'
1210 1463 1308 1544 Φερε-

198 1557 371 1647 spectatior
392 1559 517 1641 ἀτελές,
549 1562 602 1644 qui
624 1581 734 1626 versus
756 1561 838 1644 apud
861 1562 981 1627 ceteros
999 1563 1222 1645 grammaticos
1245 1580 1308 1628 non

197 1666 462 1731 commemoratur
485 1665 523 1730 01
544 1684 615 1748 pag.
634 1673 706 1730 114.
727 1703 769 1712 -

286 1771 334 1834 Do
356 1772 457 1833 metro
485 1769 690 1852 antispastico
721 1770 781 1833 hoc
810 1768 909 1834 tradit
930 1769 1050 1834 Marius
1071 1769 1252 1834 Victorinus
1274 1770 1306 1834 in

196 1874 251 1940 lib.
266 1874 299 1938 Π
322 1893 388 1958 cap.
404 1874 482 1939 VII:
505 1874 596 1953 „scio
618 1871 770 1957 quosdam
792 1892 885 1957 super
907 1873 1075 1956 antispasti
1098 1874 1201 1957 specie
1225 1874 1306 1938 reci-

196 1977 308 2063 pienda
336 1978 419 2043 inter
446 1997 561 2045 novem
582 1980 750 2062 prototypa
779 1977 949 2043 dubitasse.
994 1996 1104 2043 verum
1130 1974 1308 2043 cumidem

195 2081 265 2166 pari
287 2082 473 2165 cognatione
505 2101 577 2147 cum
605 2073 784 2146 choriambo
806 2082 970 2164 copuletur
999 2118 1038 2127 —
1077 2080 1183 2146 locum
1205 2080 1307 2147 eidem

197 2187 472 2251 etauctoritatem
501 2185 583 2251 inter
605 2186 789 2269 principalia
819 2185 1039 2252 vindicandam
1062 2204 1129 2251 esse
1153 2186 1308 2251 dixerunt.

196 2289 374 2373 coniugatio
401 2290 584 2372 antispasti,
621 2293 658 2354 ut
678 2290 756 2355 Iuba
783 2292 889 2355 noster
910 2292 1004 2373 atque
1032 2289 1087 2355 alii
1114 2289 1310 2356 Graecomm

197 2394 376 2476 opinionem
406 2394 506 2459 secuti
533 2393 687 2472 10101111,
723 2412 787 2459 101
815 2413 936 2477 semper
963 2395 1009 2458 ita
1038 2396 1237 2477 perseverat,
1274 2394 1311 2459 ut

196 2496 230 2561 in
249 2497 401 2580 principio
423 2496 511 2580 pedis
534 2498 658 2562 iambus
681 2498 880 2563 collocetur.“
922 2517 1023 2580 neque
1037 2498 1113 2563 huic
1135 2498 1310 2564 sententiae

196 2602 374 2686 repugnant
392 2601 511 2666 scholia
532 2603 655 2679 vetera,
677 2603 710 2666 in
733 2604 846 2686 quibus
869 2601 895 2666 si
917 2594 1021 2667 minus
1044 2603 1148 2668 multa
1168 2604 1202 2667 at
1225 2604 1310 2668 certe

196 2706 348 2771 nonnulla
376 2706 470 2771 huius
497 2707 592 2770 metri
627 2706 768 2790 exempla
804 2706 1007 2771 inveniuntur
1038 2705 1126 2771 velut
1154 2707 1188 2771 in
1215 2706 1311 2772 schol.

197 2829 244 2893 eq.
256 2815 318 2875 551
336 2809 368 2891 (1
372 2801 545 2873 ’1010100101
562 2812 593 2875 01
612 2803 902 2896 Φερεκρ1110100101
921 2810 954 2873 11
970 2810 1059 2874 schol
1070 2829 1117 2892 eq.
1132 2818 1205 2875 973.
1225 2811 1310 2875 recte

196 2913 295 2998 igitur
315 2914 421 2997 pergit
435 2913 556 2978 Marius
571 2914 704 2979 Victor:
726 2912 936 2980 indifferenter
952 2914 1035 2978 enim
1059 2916 1203 2980 auctores
1218 2914 1310 2996 lyrici

196 3018 297 3082 metro
319 3017 521 3100 antispastico
541 3017 633 3082 initia
655 3019 897 3100 praestiterunt,
920 3036 1011 3101 saepe
1036 3017 1120 3083 enim
1134 3036 1190 3101 pro
1205 3019 1310 3083 iambo

195 3123 297 3204 primo
320 3122 375 3186 aut
397 3119 552 3204 spondeus
576 3122 630 3186 aut
651 3123 819 3187 trochaeus
841 3121 967 3205 ponitur
991 3122 1029 3204 (-
1042 3144 1063 3173 υ
1076 3160 1094 3170 -
1109 3144 1129 3172 υ
1149 3123 1153 3204 Ι
1173 3143 1194 3172 υ
1207 3161 1222 3168 -
1238 3143 1258 3173 υ
1272 3123 1309 3205 ·)

197 3227 229 3290 et
251 3225 349 3290 inira:
377 3244 483 3309 „quae
506 3226 644 3290 admixta
664 3228 737 3290 sunt
765 3224 909 3290 iambicis
931 3225 1203 3309 coniugationibus
1226 3227 1309 3290 anti-

196 3329 347 3413 spastica,
370 3328 555 3393 iucundiora
574 3330 675 3393 sunt.“

283 3434 330 3497 De
362 3435 463 3497 metro
498 3433 620 3511 lonico,
642 3503 645 3510 ,
664 3431 739 3516 quid
773 3431 915 3498 docuerit
948 3432 1153 3512 Heliodorus,
1187 3433 1309 3498 Marius

195 3536 378 3602 Victorinus
404 3536 552 3602 disseruit
578 3537 612 3600 in
642 3535 771 3603 secundi
799 3537 873 3601 libri
904 3539 1005 3621 capite
1033 3556 1131 3603 nono:
1170 3539 1203 3603 at
1231 3538 1309 3603 Iuba

194 3641 302 3708 noster
327 3678 371 3687 -
392 3641 540 3706 insistens
562 3639 727 3728 Heliodori
749 3641 893 3724 vestigiis
918 3679 953 3688 -
986 3642 1082 3726 negat
1103 3643 1163 3720 hoo
1184 3643 1307 3720 vitium,

195 3748 231 3812 ut
251 3746 379 3830 quidam
402 3748 561 3824 asserunt,
587 3746 800 3829 rhythmicum
822 3745 888 3810 1010
909 3768 935 3809 κ.
950 3767 978 3808 τ.
995 3743 1022 3809 λ.
1067 3745 1197 3829 longum
1221 3746 1307 3811 vide-

194 3853 248 3915 tur
269 3869 306 3915 ao
328 3868 593 3932 supervacaneum
616 3852 757 3933 repetere
780 3849 876 3916 rerba
898 3849 1074 3933 Westphali
1097 3851 1181 3915 hunc
1201 3849 1307 3916 locum

194 3953 384 4020 illustrantis
416 3953 514 4037 (hllg.
543 3954 635 4019 Metr.
667 3972 737 4037 pag.
763 3955 854 4037 113);
899 3954 976 4018 haec
1009 3955 1114 4019 autem
1145 3954 1307 4020 Diomedis

185 4058 291 4125 ¹verba
313 4055 726 4123 01101011000101001011
748 4057 834 4123 fonte
856 4057 972 4141 petita:
996 4058 1053 4137 „in
1076 4057 1216 4123 dimetria
1237 4059 1306 4142 qui-

195 4162 282 4241 dem,
319 4181 391 4227 oum
418 4163 504 4246 prior
531 4162 615 4228 basis
648 4163 846 4246 pentasemos
881 4162 992 4239 fuerit,
1031 4159 1091 4228 erit
1119 4163 1184 4227 sine
1213 4162 1306 4228 dnbio

198 4264 337 4333 secunda
364 4267 591 4351 heptasemos.“
642 4266 753 4334 ctsM.
775 4264 930 4331 Victorini
956 4267 1053 4332 uerba
1075 4267 1153 4332 haec
1177 4267 1217 4351 (5.
1236 4266 1306 4352 1210
