3134 4984
627 322 735 380 Scholia
752 323 782 382 in
799 340 886 383 ranas.
1273 329 1308 384 67

199 479 412 568 τετραμέτρου
433 476 527 560 άντος
547 484 776 570 καταληκτικοῢ
798 476 869 570 ἑξῆς
890 479 927 547 δὲ
949 476 1094 571 σύστημα
1115 482 1199 549 κατὰ
1213 509 1308 573 περιὲ
1352 543 1355 546 ,

199 582 305 672 κοπην
333 580 575 672 άυομοιομερὲς,
611 581 775 670 ἀναλόγως
804 590 843 674 vy}
869 589 995 675 στροφῇ
1020 592 1063 676 vy}
1092 612 1128 654 τε
1149 584 1308 678 ποσότητι

199 683 254 752 καί
275 681 429 774 ποιότητι
450 692 516 756 τῶν
538 683 659 756 κώλων.
705 687 764 754 ε’πί
785 695 832 775 τῷ
854 687 940 754 τέλει
968 685 1120 776 ἑκατέρου
1140 691 1308 780 παράμρα-
1353 766 1356 770 Α

199 813 262 877 φος
281 788 364 855 καὶ1
385 787 451 857 έσιο
474 796 630 857 νενευκυῖα
653 793 754 881 διπλῆ
774 790 829 858 διὰ
850 791 907 880 τὴν
928 785 1175 882 ἀνταπόδομα]

288 901 484 961 549-589.
535 891 714 983 Πλαθάνη,
751 893 916 984 Πλαθάνη
944 919 953 962 :
996 897 1170 983 [[Κορωνίς
1210 896 1309 984 ὁμοία

199 992 365 1063 εἶσιόντων
390 1004 455 1063 τῶν
480 994 672 1084 ὑποκριτῶν.
718 994 750 1064 ολ
781 997 818 1064 δὲ
840 996 945 1081 στίχοι
974 997 1124 1086 ίαμβικοὶ
1142 1000 1308 1093 τρίμετροι

199 1090 416 1189 άκατάληκτοι
437 1095 507 1183 μα’,
532 1092 576 1166 ὧν
595 1102 778 1179 τελευταῖος

408 1205 527 1276 δέχομαι
548 1205 599 1261 τὸν
615 1204 698 1277 ὅρκον
716 1206 787 1259 κάπὶ
804 1204 910 1267 τούτοις
928 1207 1089 1292 λαμβάνω.]]

287 1311 482 1374 590-604.
527 1309 582 1368 νῦν
612 1303 669 1371 σὸν
696 1300 818 1391 έρμονε
852 1302 1042 1391 βΕίσθεσις
1073 1309 1179 1391 μελῶν
1210 1316 1308 1395 χοροῦ

199 1408 369 1495 περιοδικὴ
397 1405 454 1473 καί
484 1398 702 1495 άνιίστροφος
733 1404 831 1490 ὁμοία
852 1417 892 1497 vy}
918 1407 1161 1500 προρρηθείση,
1195 1410 1251 1476 καί
1268 1411 1307 1478 τδ

198 1509 343 1598 σύστημα
365 1515 435 1589 τοῖς
457 1502 565 1588 αὐτοῖς
593 1518 657 1576 τῶν
684 1508 717 1576 έν
737 1516 777 1599 vy}
810 1519 934 1601 στροφῇ
959 1509 1043 1579 κατά
1074 1538 1110 1579 τε
1138 1510 1307 1603 ποσότητα

197 1612 251 1678 καί
274 1611 435 1701 ποιότητα
456 1608 573 1692 κοίλοις
601 1610 806 1699 συγκείμενον
835 1613 959 1697 ἐμουσα.
1004 1610 1041 1706 ἧς
1062 1614 1121 1682 ἐπὶ
1149 1621 1196 1705 τῷ
1222 1619 1309 1685 τέλει

196 1715 422 1806 παράμραφος.
444 1716 557 1784 τοῦδέ
580 1716 781 1805 συστήματος
804 1716 860 1785 δύο
883 1720 1015 1802 διπλαῖ,
1044 1718 1064 1808 ἡ
1085 1720 1144 1804 μέν
1166 1719 1199 1786 ἐν
1219 1717 1308 1810 ἀρχῇ,

197 1816 216 1909 ἡ
238 1819 275 1887 δέ
298 1820 438 1887 κατὰτὸ
459 1819 581 1906 τέλος.]]

95 1912 101 1922 ’
287 1933 480 1993 605-674.
524 1923 665 2002 ξυνδεῖτε
694 1922 844 2005 ταχέωςε
879 1925 1053 2014 [[Κοριυνίς
1082 1920 1181 2008 αὖθις
1213 1925 1306 2018 ἑτέρα
1403 2010 1407 2021 θ

197 2023 363 2095 εἰσιόντων
391 2032 456 2093 τῶν
484 2023 674 2113 ὑποκριτῶν.
719 2024 750 2093 ολ
779 2025 816 2093 δὲ
845 2025 949 2110 στίχοι
977 2026 1125 2116 ίαμβικοὶ
1144 2029 1306 2121 τρίμετροι

197 2129 415 2222 άκατάληκτοι
439 2128 505 2211 ξε’·
528 2121 574 2197 ὧν
596 2132 777 2210 τελευταῖος

405 2250 539 2325 πρότερον
556 2255 673 2317 ποιῆσαι
691 2255 763 2322 πρίν
780 2268 817 2321 με
836 2249 884 2310 τὰς
901 2250 1010 2322 πληγάς
1028 2255 1133 2322 λαβεῖν.

196 2349 215 2420 ὁ
241 2351 274 2434 ξ’
296 2351 408 2438 μέντοι
430 2349 586 2436 ἰαμβικὸς
620 2348 873 2442 2έιμδημιμερής,
916 2346 988 2419 εἶτα
1012 2357 1118 2421 κῶλον
1143 2352 1305 2424 άντισπα-

197 2456 306 2523 στικδν
335 2455 372 2536 έξ
398 2453 566 2542 ἐπιτρίτου
595 2451 727 2542 πρώτου
754 2451 914 2543 ἡμιόλιον.
957 2453 1032 2542 μεθ’
1061 2452 1080 2526 δ
1107 2455 1305 2546 μονόμετρον

195 2556 477 2648 δπερκατάληκτον
513 2557 549 2638 ἐξ
582 2556 750 2646 ἐπιτρίτου
784 2554 953 2646 τετάρτου,
997 2559 1052 2626 καί
1078 2561 1218 2631 Ἰωνικόν
1245 2557 1305 2632 ἄπ’

195 2660 370 2740 ἐλάσσονος
391 2658 544 2749 ἡμιόλιον.
574 2659 633 2727 έπί
654 2667 701 2749 τῷ
720 2661 806 2728 τέλει
828 2658 960 2729 πάντων
979 2660 1142 2752 κορωνίς.]]

284 2772 481 2834 675-685.
529 2767 677 2851 [[Μοῦσα
704 2772 808 2852 χορῶν
834 2762 952 2854 ίερῶντ
981 2761 1166 2835 Κάνταῦδα
1195 2767 1306 2859 παρά-

194 2866 293 2954 βασίς
320 2868 424 2949 ἐστιν,
459 2860 529 2934 άλλ)
557 2860 614 2934 οὐκ
645 2865 710 2950 ἔχει
741 2867 850 2934 πάντα
876 2868 956 2957 μέρη
990 2874 1047 2957 τῆς
1075 2871 1303 2958 παραβάσεως,

195 2969 277 3038 άλλοὶ
298 2967 381 3056 μόνα
400 2972 443 3037 τά
466 2969 624 3058 τέσσαρα,
647 2970 705 3059 τὴν
724 2963 821 3059 ᾠδήν,
852 2971 889 3040 τὸ
915 2968 1095 3061 ἐπίρρημα,
1124 2973 1181 3063 τὴν
1201 2973 1306 3065 άντην-

195 3070 269 3164 δήν,
293 3073 330 3141 τό
353 3067 580 3164 άντεπίρρημα.
622 3070 695 3141 ἔστι
724 3079 800 3159 γοῦν
819 3073 839 3163 ἡ
860 3062 1014 3160 παροῦσα
1042 3069 1108 3165 ᾠδὴ
1135 3075 1172 3143 ἐκ
1194 3077 1305 3145 κοίλων

195 3174 506 3268 πολυσχηματίστιον
529 3173 588 3262 ιβ’.
611 3170 654 3244 ὧν
674 3177 713 3244 τὸ
731 3184 864 3264 πρῶτον
878 3173 1091 3268 τετράμετρον
1104 3182 1306 3268 βραχυκατά-

194 3286 310 3372 ληκτον
325 3275 543 3370 άσυνάρτητον
561 3280 799 3369 θπροσοδιακόν
812 3278 1051 3349 άναπαιστικδν
1063 3286 1266 3368 καλούμενον,
1286 3283 1308 3374 ἢ

195 3385 387 3453 δακτυλικδν
408 3372 621 3474 τετράμετρον
644 3381 873 3471 άκατάληκτον.
896 3385 935 3452 τὸ
950 3386 1096 3476 δεύτερον
1110 3379 1306 3455 άναπαιστι-

195 3488 253 3557 κδν
267 3485 417 3577 δίμετρον
432 3483 672 3575 καταληκτικόν.
695 3487 733 3555 τὸ
749 3485 860 3574 τρίτον
875 3485 990 3573 ὅμοιον
1005 3488 1173 3581 τρίμετρον
1191 3487 1307 3558 άκατά·

194 3595 318 3682 ληκτον,
341 3591 424 3658 κατὰ
440 3591 498 3682 τὴν
516 3589 626 3681 τρίτην
634 3590 740 3678 χώραν
751 3597 810 3680 τῆς
819 3591 879 3675 μέν
890 3589 974 3681 ᾠδῆς
990 3586 1227 3682 άμφιβράχεος,
1249 3601 1307 3683 τῆς

194 3688 228 3763 δ’
251 3688 397 3784 άντιμδῆς
419 3701 571 3783 κρητικοῦ
590 3694 803 3779 κειμένου.τό
826 3694 977 3785 τέταρτον
998 3697 1225 3783 χοριαμβικόν,
1250 3706 1307 3765 τοῦ

194 3796 342 3883 δευτέρου
356 3797 463 3875 ποδδς
480 3796 574 3876 ὄντος
589 3794 789 3884 διτροχαίου,
811 3795 980 3886 τρίμετρον
1000 3800 1306 3889 βραχυκοιτάληκτον.

193 3899 233 3967 τὸ
249 3899 282 3966 ε’
303 3896 540 3969 ἀναπαιστικόν
563 3899 713 3989 δίμετρον
735 3897 965 3989 άκατάληκτον.
985 3903 1023 3971 τό
1046 3899 1079 3984 ς’
1101 3901 1248 3991 δίμετρον
1272 3903 1309 3985 έξ

286 4066 300 4119 l
326 4066 400 4121 Fort.
418 4066 481 4134 poet
500 4069 546 4119 καὶ
564 4065 663 4121 excidit
687 4071 735 4119 τοῦ
755 4064 931 4138 συστήματος
955 4067 988 4120 cf.
1016 4066 1203 4136 antistrophen
1221 4067 1303 4137 (590).

193 4154 212 4209 2
230 4150 381 4207 scholiasta
399 4150 466 4206 alibi
484 4151 570 4208 altera
588 4151 675 4207 forma
694 4152 906 4227 (ἑφθημιμερές)
925 4153 967 4207 uti
982 4153 1063 4216 solet,
1084 4152 1150 4208 haec
1161 4154 1305 4209 masculini

194 4238 302 4308 generis
320 4240 363 4293 est
381 4237 521 4293 Heliodori
541 4240 658 4309 (ἴαμβος
675 4236 890 4311 ἑφθημιμερής).
988 4240 1006 4294 3
1024 4240 1222 4314 προσῳδιακόν
1240 4240 1302 4295 Ald.

194 4323 391 4399 προσοδιακὸν
408 4323 497 4379 Dflbn.
1352 4344 1355 4347 ·

1052 4396 1119 4479 5*'
