3134 4984
611 316 720 374 Scholia
736 316 765 373 in
781 316 855 372 Plut.
1253 311 1289 367 25
1316 376 1325 387 ,

176 476 238 562 ἔξω
258 479 425 544 νενευκυῖα.
465 471 593 542 1ἱστεόυ
615 470 682 558 ὅτι,
718 470 775 541 δ’τε
796 468 931 541 τίθεται
952 470 987 541 ἐν
1008 475 1079 551 τοῖς
1099 462 1290 556 ἀμοιβαίοις

175 586 239 650 τῶν
265 579 451 668 ὑποκριτῶν
478 573 673 666 προσώποις
699 576 733 645 ἐν
756 575 891 646 ἐκθέσει
912 570 1001 644 κῶλά
1029 601 1103 642 τινα
1131 574 1213 659 μετὰ
1233 574 1290 663 τῆν

176 681 330 774 περίοδον
358 688 423 751 τῶν
444 680 561 766 στίχων
573 684 637 772 βοῶ
658 677 754 751 αὑτοῦ
776 679 895 771 μέτρου
918 676 1014 764 όντα,
1045 675 1144 768 ῆκαί
1167 673 1288 765 ἑτέρου,

177 788 320 880 (εὑριγιαι
348 789 409 876 γὰρ
438 785 495 855 καί
522 785 637 877 οὑτως)
667 782 686 855 ὑ
715 792 863 864 τοιοῦτος
891 783 1115 874 σχηματισμός
1142 785 1290 850 καλεῖται

177 894 279 982 διπλῆ
301 892 356 958 διὰ
380 890 419 959 τὸ
441 890 523 976 μετὰ
542 890 599 979 τὴν
620 889 849 980 συμπλήρωσιν
864 884 982 956 τοὺτων
995 886 1034 955 τὸ
1050 890 1180 976 σημεῖον
1195 884 1289 965 ἐκτὸς

178 993 341 1065 τίθεσθαι
361 999 419 1085 τῆς
440 995 575 1084 διπλῆς·
595 992 678 1082 ὅπερ
699 988 856 1083 τριγώνου
876 989 1017 1081 πλαγίου
1035 985 1173 1081 σχῆματι
1188 988 1291 1059 ἔοικεν

177 1107 234 1191 τῆς
260 1099 388 1187 βάσεως
411 1096 511 1187 μόνης
540 1093 717 1186 λιποόσῆς·
752 1093 824 1182 μεθ
854 1090 892 1186 ῆν
915 1094 991 1165 οὑδὲ
1016 1100 1115 1184 χοροῦ
1143 1090 1291 1184 πάροδος

178 1202 231 1272 ἀεὶ
254 1201 392 1291 γίνεται,
416 1194 499 1270 ἀλλὰ
524 1198 681 1283 σπανίως.
703 1198 757 1269 ὅτε
780 1201 817 1269 δὲ
840 1194 877 1269 οά
897 1198 1029 1269 τίθεται
1044 1201 1133 1267 κῶλα
1147 1205 1291 1280 τοιαῖτα,

179 1302 247 1376 ἀλλ’
269 1306 302 1375 ἐν
324 1297 375 1388 οἷς
395 1303 534 1396 ῆρξαντο
557 1302 694 1390 στίχοις,
714 1304 748 1374 ἐν
768 1303 898 1385 τούτοις
920 1301 953 1372 οὑ
973 1302 1147 1394 ὑποκριταί
1169 1298 1290 1370 παύον-

179 1437 253 1496 ται,
275 1409 314 1478 τὺ
335 1418 465 1479 τοιοῦτο
487 1413 634 1478 καλεῖται
655 1405 807 1498 κορωνίς,
831 1409 886 1477 διὰ
907 1407 946 1477 τό
966 1409 1048 1494 μετά
1069 1407 1125 1497 τὴν
1141 1405 1291 1496 συμπλῆ-
1313 1490 1317 1503 Ι

180 1537 279 1604 ρωσιν
312 1510 434 1582 τοίπων
463 1513 501 1583 τό
540 1518 670 1604 σημεῖον
705 1519 763 1604 τῆς
791 1512 964 1601 κορωνίδος
996 1510 1173 1580 τίθεσθαι·
1208 1507 1290 1601 ὅπερ

179 1613 309 1709 γραμμή
341 1616 393 1699 τίς
426 1618 497 1685 ἐστι
519 1620 675 1707 βραχεῖα,
714 1616 845 1707 καμπῆν
876 1643 950 1684 τινα
982 1615 1138 1685 ὑποκάτω
1160 1614 1291 1698 ἔχουσα·

180 1715 219 1814 ῆς
246 1719 318 1813 ἑξῆς
338 1714 390 1790 ἀεὶ
414 1719 548 1789 τίθεται
579 1719 716 1810 κορωνὶς
744 1718 838 1811 ἑτέρα
863 1726 977 1811 χοροῦ,
1012 1717 1292 1811 ε’πισφραγίζουσα

182 1818 251 1895 οἷον
272 1827 314 1894 τὰ
337 1824 487 1916 ῥηθέντα.
509 1824 542 1891 ἐν
562 1825 599 1893 δὲ
619 1830 692 1906 ταῖς
713 1831 871 1915 στροφαῖς
895 1824 970 1893 ’καὶ
989 1817 1219 1913 ἀντιστροφαῖς
1236 1823 1293 1891 καὶ

180 1937 221 2022 τῆ
233 1930 353 2017 μεταξὺ
365 1928 486 1998 τοὺτων
503 1933 567 1996 τῶν
586 1925 767 2019 ὑποκριτῶν
782 1925 926 2019 περιόδῳ
952 1927 1185 2018 3παράγραφος
1197 1925 1293 1996 τίθε-

181 2062 251 2120 ται,
292 2031 336 2115 ῶς
360 2031 566 2123 Ἡφαιστίων
588 2031 704 2123 φησίν·
741 2027 778 2124 ῆς
808 2033 846 2103 τὸ
876 2038 980 2124 σχῆμα
1000 2033 1128 2123 γρομμῆ
1150 2030 1201 2112 τίς
1222 2031 1294 2100 ἐστι

182 2143 333 2229 βραχεῖα,
372 2135 484 2227 ῶσπερ
504 2137 575 2204 τινά
600 2137 733 2228 στιγμῆν
755 2138 790 2206 ἐν
820 2145 869 2227 τῶ
891 2136 977 2228 ἀκριμ
999 2136 1123 2221 ἔχουσα.
1159 2139 1239 2227 δῆλα
1256 2136 1294 2204 δέ

183 2241 320 2311 ἐστιτὰ
348 2248 482 2309 τοιαῦτα
509 2236 656 2329 οχῆματα
684 2241 739 2310 καί
762 2240 796 2309 ἒν
818 2247 865 2330 τῷ
892 2238 1012 2331 βιβλίῳ
1035 2239 1179 2327 κείμενα·
1214 2232 1293 2326 μεθ’

184 2340 227 2414 ῶν
264 2343 336 2413 ἐστι
365 2344 421 2412 καί
448 2343 467 2413 ὑ
497 2336 704 2432 ἀστερίσκος,
745 2338 783 2413 οὑ
818 2346 856 2412 τδ
891 2351 1005 2436 Ισχῆμα
1040 2341 1152 2434 ἀστέρι
1180 2341 1293 2414 ἔοικεν.
1389 2362 1391 2365 ’

179 2444 381 2538 Ἡφαιστίων
406 2447 444 2516 δέ
463 2472 562 2538 φησιν
592 2447 664 2516 4ότι
693 2452 775 2516 κατά
805 2448 861 2540 τῆν
879 2443 1145 2540 Ἀριστοφάνειον
1166 2447 1295 2518 ἔκδοσιν

185 2553 204 2622 ὑ
226 2549 419 2642 ἀστερίσκος
441 2553 501 2621 ἐπὶ
523 2549 748 2643 ὑτερομετρίας
772 2551 907 2622 ,ἐτίθετο
928 2549 1036 2645 μόνρς.
1066 2549 1225 2640 χρώμεθα
1247 2552 1293 2636 δέ,

185 2655 280 2748 φησί,
318 2663 356 2747 τῆ
387 2654 539 2746 κορωνίδι
566 2656 691 2738 ἐντοῖς
721 2657 882 2754 δράμασιν
908 2658 991 2726 κατὰ
1015 2654 1164 2747 τρόπους
1191 2662 1294 2747 τρεῖς·

184 2758 258 2852 ἤτοι
277 2759 369 2840 ὅταν,
395 2765 461 2827 τῶν
479 2758 665 2851 ὑποκριτῶν
684 2757 846 2830 εἰπόντων
867 2754 940 2830 τινὰ
956 2762 1012 2852 καί
1027 2755 1294 2848 ἀπαλλαγέντων,

185 2862 420 2955 καταλείπηται
439 2862 458 2933 ὑ
476 2865 587 2955 χορός·
605 2852 614 2863 ”
625 2864 645 2956 ἢ
658 2940 661 2947 ,
674 2863 834 2950 ἔμπαλιν·
865 2865 991 2957 ’ῆδταν
1019 2866 1198 2953 μετάβασις
1227 2858 1295 2934 ἀπό

185 2963 291 3037 τόπου
319 2966 367 3049 εἷς
391 2965 496 3036 τόπον
521 2967 671 3057 γίνεσθαι
687 2972 786 3061 ’δοκῆ
809 2978 868 3062 τῆς
888 2977 1024 3062 σκηνῆς·
1057 2978 1097 3061 τῆ
1128 2970 1165 3039 δὲ
1186 2995 1296 3057 παρα-

186 3072 301 3163 γράφφ
324 3072 416 3163 ὅῆτοι
436 3073 521 3140 κατὰ
542 3074 717 3165 πρόσωπα
732 3072 907 3164 ἀμοιβαῖα,
931 3073 967 3144 ἔν
988 3101 1024 3143 τε
1039 3080 1109 3157 τοῖς
1129 3072 1296 3161 ίαμβικοῖς

187 3177 245 3245 καί
264 3183 335 3257 τοῖς
353 3183 497 3265 χορικοῖς
516 3179 636 3264 μεταξὺ
663 3184 721 3270 τῆς
746 3187 949 3269 τεστροφῆς
975 3179 1107 3270 καὶτῆς
1128 3173 1297 3269 ἀντιστρό-

188 3305 260 3372 φου.
282 3279 338 3348 ε’άν
358 3280 468 3366 μέντοι
489 3280 509 3373 ῆ
532 3283 656 3373 στροφὴ
678 3280 716 3364 ἐξ
734 3274 916 3371 ἀμοιβαίων
944 3283 1080 3374 τυγχάνῃ
1100 3282 1296 3374 συγκειμένη,

188 3377 247 3455 οὑκ
275 3380 400 3474 ἐξαρκεῖ
425 3384 511 3472 πρὸς
539 3386 578 3453 τὸ
606 3389 764 3477 δηλῶσαι,
800 3385 852 3455 ὅτι
878 3384 1093 3478 πεπλήρωται
1125 3386 1298 3478 ῆστροφῆ,

280 3643 392 3700 Iconi.
410 3643 483 3701 coel.
501 3643 646 3715 Rhodigin.
671 3643 764 3716 Antiq.
784 3646 858 3700 Ieoi.
884 3646 932 3701 lib.
952 3648 986 3703 15
1004 3661 1062 3716 esp.
1082 3646 1130 3712 20,
1155 3649 1185 3702 et
1201 3647 1298 3703 Villoi·

191 3749 248 3788 son.
266 3731 382 3802 praeiet.
400 3730 436 3786 ed
453 3731 561 3786 Homer.
580 3731 722 3801 p.xv111.
742 3732 833 3787 Diibn.
885 3732 952 3790 21d
970 3736 1013 3788 est
1029 3734 1060 3790 ἐν
1077 3740 1137 3794 τοῖς
1155 3734 1196 3802 (ἐξ
1211 3734 1299 3806 ἀμοι-

190 3826 280 3888 βαίων
298 3815 466 3890 προσώπων)
487 3825 623 3893 στροφαῖς
639 3823 686 3872 καὶ
704 3817 906 3895 ἀποστροφαῖς
988 3819 1055 3877 31δ
1073 3821 1160 3876 estin
1179 3820 1299 3878 diverbio

189 3894 250 3976 ip'so
268 3903 304 3959 ed
320 3904 513 3974 disiungendos
530 3905 601 3959 inter
619 3920 648 3960 se
665 3905 788 3977 singulos
806 3922 941 3975 personas.
1001 3908 1019 3964 4
1037 3906 1078 3960 Cf.
1091 3906 1163 3978 opud
1175 3907 1300 3977 Hephae·

190 3993 306 4049 stionsm
324 4006 383 4060 eep.
398 3991 456 4046 XV.
465 4013 473 4057 ;
493 3992 722 4063 supplendumes
730 3992 939 4063 Hephaestione,
957 3997 990 4049 ut
1002 3994 1109 4064 integre
1130 3993 1182 4048 sibi
1194 3998 1300 4051 constet

188 4078 341 4143 sententia,
361 4075 430 4132 κατὰ
445 4077 496 4146 τὴν
507 4078 733 4152 Ἀριστοφάνειον
752 4084 802 4132 τοῦ
812 4080 939 4133 Ἀλκαίου
951 4081 1071 4136 ἔκδοσιν.
1095 4068 1216 4152 loquitur
1227 4082 1300 4137 enim

189 4166 222 4222 ds
248 4166 310 4229 ills,
340 4180 420 4235 quem
451 4163 646 4235 Aristophanes
675 4166 868 4235 grammaticus
893 4168 1033 4222 curaverat
1055 4166 1148 4223 Alosei
1172 4168 1298 4225 editione.

187 4252 294 4307 Hemst
367 4251 383 4305 5
400 4249 463 4316 ἤτοι
482 4266 514 4306 ex
532 4251 588 4306 eod.
606 4251 691 4307 Poris.
710 4255 739 4308 et
753 4252 901 4321 Hephaest.
921 4253 1051 4308 additum.
1070 4257 1134 4324 post
1150 4253 1209 4324 ἤτοι
1228 4253 1300 4327 apud

188 4338 418 4412 Hephaestionem
434 4338 567 4408 Bergkius
584 4345 755 4416 παραγραφῇ
774 4340 904 4396 excidisse
922 4343 1020 4396 moneo
