3134 4984
605 320 712 376 Scholia
728 319 758 377 in
776 320 888 391 equites.
1267 319 1304 375 59

280 487 474 549 973-996.
518 476 648 567 ἥδιστον
670 473 755 566 φάος
776 502 785 545 :
815 475 973 565 Κορωνίς.
1008 474 1113 559 ἐξίασι
1136 475 1196 564 γὰρ
1218 474 1301 543 ὖπο-

193 580 311 669 κριταί.
334 582 391 648 καί
406 580 439 649 ἐν
454 580 601 650 εἰσθέσει
615 590 672 649 τοῦ
690 584 788 670 χοροῦ
811 577 885 663 ἑξὰς
904 579 1142 670 μονοοτροφικῆ
1170 574 1301 667 1τετρό-

193 689 295 766 κωλσς
314 679 395 784 οὖσα
416 685 475 766 τὰς
496 681 669 774 περιόδους
691 685 727 753 ἐκ
746 692 844 773 τριῶν
865 687 1059 771 χλυκωνείων
1091 682 1213 774 ’[ποτέ
1240 681 1300 766 μέν

192 788 228 872 ἐξ
249 788 431 878 ἐπιτρίτου,
455 789 539 857 ποτὲ
561 788 597 857 δέ
616 785 815 874 διτροχαίου,
838 786 871 854 ἐν
885 786 922 855 δέ
935 791 984 876 τῷ
998 787 1032 875 χ’
1051 785 1108 855 καί
1119 781 1301 876 χοριόμβου

192 893 248 960 καί
269 888 454 978 διιόμβου],
491 892 547 960 καί
568 898 625 960 τοῦ
646 888 883 983 φερεκρατείου.
918 898 1080 981 συνῆπται
1100 889 1136 957 δὲ
1157 892 1198 978 τῇ
1215 887 1301 968 λέξει

190 995 247 1064 καί
268 993 367 1082 μόνον
381 996 584 1085 διακέκριται
597 998 634 1065 τὸ
651 996 885 1086 φερεκροίτειον.
909 992 1145 1085 [ἐφθημιμερές
1159 992 1197 1061 δέ
1211 991 1300 1059 ἐστιν

192 1097 229 1181 ἐξ
247 1097 417 1188 ἐπιτρίτου
444 1096 613 1187 τετάρτου,
643 1097 884 1190 ἢδιτροχαίου,
922 1099 978 1167 καί
998 1095 1148 1184 βακχείου
1173 1093 1300 1182 συχκεί-

190 1209 311 1290 μενον.]
347 1199 558 1293 παράχραφοι
579 1204 617 1272 δέ
638 1202 746 1271 ἁπλαῖ
765 1203 824 1289 μὲν
843 1203 956 1286 πέντε,
980 1201 999 1293 ῆ
1021 1202 1058 1271 δὲ
1081 1198 1117 1284 ς’
1137 1199 1192 1268 καί
1218 1199 1299 1286 μετὰ

190 1305 373 1397 κορωνίδος.
405 1311 519 1392 [ταῦτα
541 1308 578 1375 δὲ
600 1307 690 1396 παρὰ
713 1307 755 1374 τὰ
777 1302 980 1394 Εὐριπίδου]

279 1436 496 1496 997-1013.
542 1424 612 1494 ἰδοὺ
640 1425 763 1495 θέασαι
786 1452 794 1495 :
827 1425 995 1516 [Κορωνὶς
1015 1423 1181 1493 εἰσιόντων
1200 1419 1300 1504 αὖθις

189 1538 254 1601 τῶν
278 1529 471 1620 ὑποκριτῶν.
516 1526 547 1598 οἰ
577 1531 613 1598 δέ
636 1529 740 1614 στίχοι
768 1527 915 1615 ἰαμβικοί
937 1527 992 1596 καί
1013 1527 1200 1597 δακτυλικοί
1221 1527 1299 1595 ἐννε-

188 1637 325 1726 νῆκοντα
345 1634 388 1716 ἐξ.
425 1625 468 1702 ὧν
488 1632 706 1722 προτίθενται
729 1632 835 1717 στίχοι
857 1630 1006 1718 ἰαμβικοί
1029 1631 1196 1720 τρίμετροι
1217 1625 1299 1699 υἰκα-

187 1736 341 1829 τοίλῆκτοι
362 1735 415 1822 ιζ’.
436 1738 475 1805 τὸ
497 1739 557 1828 χδιρ
580 1734 620 1806 ιε’
644 1734 794 1827 δίμετρόν
816 1737 904 1804 ἐστιν
925 1732 1155 1826 ἀκατάληκτον.
1176 1734 1236 1803 ἐπὶ
1252 1741 1301 1825 τῷ

188 1843 274 1912 τέλει
302 1838 528 1930 παράχροφος.
569 1840 647 1930 περὶ
673 1840 710 1909 δέ
739 1847 806 1907 τῶν
835 1837 909 1930 ἑξῆς
939 1838 973 1908 έν
1004 1837 1124 1930 ἑκάστῃ
1155 1835 1299 1928 περιόδῳ

188 1945 374 2037 εἰρήσεται]

279 2076 364 2134 1014
374 2106 415 2115 -
425 2076 519 2134 1019.
551 2063 668 2152 [ἰίκουε
682 2068 722 2156 δῆ
737 2068 791 2132 νῦν
806 2091 814 2134 z
833 2063 870 2133 Ὁ
885 2072 1015 2154 πρῶτος
1029 2061 1139 2147 στίχος
1153 2063 1299 2131 ἐνταῦθα

189 2170 342 2256 ἰαμβικὸς
370 2166 538 2259 τρίμετρος
566 2163 794 2258 οἰκοτάίηκτος.
838 2166 869 2236 οἰ
897 2168 934 2236 δέ
961 2165 1032 2258 ἑξῆς
1052 2167 1096 2250 ς”
1116 2166 1299 2235 δακτυλικοί

188 2271 360 2362 ἐξόμιτροι
382 2271 620 2362 καταληκτικοί.
643 2273 702 2340 ἐπὶ
723 2279 772 2361 τῷ
794 2271 880 2340 τέλει
901 2268 1141 2362 παράγραφος]
1228 2294 1231 2301 ’

279 2403 516 2461 1020-1029,
564 2394 676 2484 [ταυτὶ
705 2393 752 2478 μὰ
780 2392 836 2483 τῆν
859 2388 1046 2482 Δήμητραε
1079 2389 1120 2460 Οἰ
1141 2389 1212 2483 ἐξῆς
1233 2398 1298 2460 τι”ν

187 2497 360 2587 εἰρημένων
384 2489 472 2564 οὗτοι
501 2494 606 2579 στίχοι
634 2493 784 2582 ἰαμβικοί
806 2494 869 2564 εἰσι
894 2494 1059 2586 τρίμετροι
1081 2493 1298 2585 οἰκατυίλῆκτοι

188 2600 288 2669 ἐννέα.
321 2600 381 2668 ἐπὶ
404 2606 451 2688 τῷ
473 2601 559 2668 τέλει
579 2595 819 2689 παράχραφος]

279 2729 517 2790 1030-1034.
562 2714 632 2806 [Ἐν
665 2718 798 2788 ἐκθέσει
829 2719 865 2787 δὲ
900 2718 1004 2803 στίχοι
1038 2716 1068 2788 ε’
1102 2717 1297 2804 δακτυλικοί,

189 2819 241 2916 ἐφ’
265 2818 309 2892 ὦν
330 2830 377 2915 τῷ
397 2825 484 2892 τέλει
506 2820 745 2913 παρόχραφος]

277 2949 516 3010 1035--1040,
562 2941 617 3031 [νῆ
648 2939 705 3011 τὸν
734 2943 912 3009 Ποσειδῶε
942 2941 1033 3030 Πρὸς
1060 2940 1117 3010 τὸν
1145 2938 1299 3009 ἀλλαντο-

187 3044 301 3135 πιίίην
329 3043 347 3114 ὁ
371 3044 473 3130 λόχος.
495 3048 558 3111 τῶν
578 3037 607 3111 δ’
629 3041 702 3135 έξῆς
719 3044 840 3112 τούτων
865 3039 904 3127 ἐξ
933 3043 1051 3128 στίχων
1073 3042 1091 3111 ό
1114 3044 1174 3130 μὲν
1193 3044 1238 3125 α’,
1260 3045 1299 3130 β’

188 3146 346 3235 ἰαμβικοί.
393 3143 424 3213 οἰ
446 3146 483 3213 δέ
504 3147 618 3215 λοιποί
640 3147 796 3236 τέσσαρες
827 3146 1020 3220 δακτυλικοί,
1057 3146 1115 3216 ἐπὶ
1145 3155 1191 3237 τῷ
1212 3147 1299 3216 τέλει
1376 3184 1378 3187 ·

187 3247 428 3342 παροίχραφος]

278 3363 518 3424 1041-1050,
563 3348 663 3441 [ταῦτ’
684 3352 756 3423 ἴσθ’
771 3353 823 3422 ὅτι
840 3407 846 3422 .
865 3348 922 3423 Ἐν
944 3355 1077 3424 ἐκθέσει
1099 3353 1214 3441 ἴαμβοι
1227 3353 1298 3444 τρί-

184 3483 298 3546 μετρυι
319 3453 533 3546 οἰκατόληκτοι
557 3457 644 3525 δέκα.
676 3456 725 3547 ἐφ)
747 3451 793 3524 ὧν
813 3464 860 3548 τῷ
881 3458 965 3526 τέλει
987 3455 1227 3549 παροίχραφος]

278 3584 360 3644 1051
372 3617 413 3624 -
423 3586 516 3644 1060.
555 3577 614 3666 [μὴ
636 3574 760 3644 πείθου
776 3602 784 3646 :
811 3574 852 3644 Οὶ
868 3574 941 3666 ἑξῆς
957 3571 1044 3645 οἰτοι
1060 3575 1165 3661 στίχοι
1180 3581 1298 3646 δακτυ·

188 3678 276 3748 λικοί
296 3678 362 3747 εἰσι
381 3679 470 3747 δέκα.
498 3672 541 3747 ὧν
561 3679 621 3748 ἐπὶ
642 3687 689 3769 τῷ
710 3681 796 3748 τέλει
819 3677 1056 3770 παράχροφος]

276 3810 358 3867 1061
369 3841 410 3852 -
422 3810 516 3870 1066.
558 3798 716 3886 ὁμισθὸς
730 3794 980 3891 ἀποδοθήσεται
996 3826 1004 3870 :
1027 3799 1097 3887 [Ὡς
1111 3809 1169 3871 τοῦ
1185 3801 1299 3870 Κλέω-

184 3928 238 3984 νος
259 3895 525 3993 α’ποστεροόιτος.
571 3903 605 3973 ἐν
627 3903 760 3974 ἐκθέσει
782 3898 817 3973 δ’
841 3903 958 3991 ἴαμβοι
983 3907 1026 3987 ἐξ.
1063 3905 1122 3973 ἐπί
1143 3912 1192 3994 τῷ
1212 3906 1298 3975 τέλει

185 4003 420 4097 τυράννους]

276 4237 289 4290 l
305 4234 385 4304 Apud
396 4233 572 4289 Heliodorum
593 4233 735 4303 legebatur
751 4231 941 4307 τετρακώλοος
959 4235 1061 4303 ἔχουσα
1079 4233 1128 4294 τὰς
1139 4235 1295 4308 περιόδους.

183 4321 203 4377 2
220 4319 311 4377 Verba
329 4319 455 4377 camellis
475 4322 552 4389 septa
569 4322 634 4377 sunt
650 4319 808 4377 recentioris
825 4320 1005 4390 grammatici.
1042 4319 1077 4376 σί.
1096 4325 1295 4395 κωλομετρίαν.
