3134 4984
541 1274 544 1283 ,
578 1128 947 1252 pannulum.

296 1577 376 1644 Cum
404 1577 543 1661 primum
570 1576 734 1675 Heliodori
759 1577 884 1644 metrici
914 1595 1027 1644 nomen
1059 1577 1135 1643 olim
1163 1577 1321 1644 vetustate

209 1697 357 1764 obrutum
384 1718 492 1791 rursus
520 1699 554 1763 in
582 1696 688 1764 lucem
718 1697 850 1783 prodiit,
885 1716 957 1764 mox
984 1683 1047 1765 uiri
1073 1698 1202 1778 summi,
1230 1717 1321 1783 prae·

210 1819 300 1905 cipue
336 1839 397 1904 qua
434 1820 538 1886 aetate
568 1818 718 1885 metricus
746 1819 802 1884 ille
838 1819 948 1896 fuerit,
985 1819 1102 1884 iorum
1132 1839 1169 1884 ao
1198 1821 1321 1905 saepius

211 1940 386 2006 examinare
417 1941 568 2024 tanquam
597 1939 826 2006 concertammt.
876 1938 930 2006 sed
958 1958 1019 2022 quo
1049 1941 1151 2004 acrius
1179 1941 1323 2023 quaestio

209 2062 287 2128 haec
312 2060 505 2145 perdifficilis
535 2060 568 2125 in
598 2059 856 2145 disceptationem
876 2061 1062 2139 vocabatur,
1101 2080 1136 2126 eo
1161 2061 1263 2146 magis
1285 2062 1322 2127 ut

208 2181 245 2248 fit
276 2181 342 2248 fere
379 2180 470 2248 obliti
499 2180 685 2248 videbantur
715 2182 775 2249 viri
803 2180 906 2260 docti,
944 2181 1028 2247 haud
1064 2200 1179 2265 paucas
1208 2181 1321 2247 nobilis

207 2303 294 2370 illius
325 2303 498 2388 artigraphi
528 2302 676 2386 reliquias
709 2303 769 2369 etsi
806 2302 898 2369 valde
933 2303 1113 2368 obscuratas
1151 2322 1321 2387 superesse:

207 2426 245 2490 ut
264 2424 328 2490 iam
352 2422 389 2489 de
413 2424 516 2491 aetate
538 2422 702 2490 Heliodori
722 2425 886 2508 peractum
917 2425 1017 2502 esset,
1052 2443 1123 2490 cum
1145 2423 1322 2509 fragmenta

206 2547 277 2631 ipsa
311 2544 413 2612 adhuc
447 2545 481 2610 iu
518 2545 663 2630 squalore
698 2546 847 2611 iacerent.
902 2546 995 2631 atque
1033 2539 1251 2631 κιολομιτριόν
1284 2545 1322 2610 ut

207 2686 319 2752 graece
368 2665 471 2732 dicam
513 2662 776 2752 Ἀριστοφάνειον
827 2686 864 2731 er
908 2665 1035 2732 scholiis
1084 2665 1321 2749 Aristophaneis

207 2808 357 2874 magnam
386 2789 501 2855 saltam
530 2790 654 2872 partem
681 2790 715 2853 in
732 2788 911 2873 >pristinum
940 2787 1065 2853 restitui
1095 2805 1203 2871 posse,
1235 2788 1323 2870 post·

210 2931 303 2997 quam
325 2910 462 2995 primus,
493 2910 594 2995 quoad
626 2910 704 2989 scio,
741 2909 915 2995 auguratus
939 2910 986 2975 est
1008 2908 1192 2993 liudolphus
1213 2907 1322 2974 West-

208 3031 299 3117 phal,
343 3030 508 3097 consilium
551 3031 629 3096 mihi
674 3030 843 3097 subnatum
881 3031 946 3110 est,
987 3031 1025 3095 ut
1068 3030 1193 3096 metrici
1234 3027 1323 3094 illius

208 3154 387 3238 fragmenta
417 3153 560 3218 excutere
589 3171 725 3218 conarer.
769 3153 802 3218 in
830 3149 1050 3218 dissertatione
1082 3152 1188 3217 autem
1216 3150 1323 3216 elabo-

209 3273 306 3340 randa
319 3272 366 3356 *)‚
410 3291 470 3358 qua
502 3272 638 3355 primum
675 3267 892 3358 νιολομειρίος
935 3291 1013 3356 quae
1051 3271 1166 3337 dicitur
1200 3271 1323 3338 textum

209 3394 374 3473 constitui,
396 3392 526 3460 maximi
546 3392 624 3459 mihi
646 3393 798 3459 momenti
816 3396 885 3460 erat
907 3392 1063 3459 Theodori
1082 3393 1211 3478 Bergkii
1231 3413 1321 3478 prae·

139 3503 142 3508 ’
211 3517 347 3601 captoria
370 3515 590 3581 benevolentia
613 3534 649 3580 ac
671 3514 855 3594 consilium,
886 3516 938 3601 qui
964 3515 996 3581 in
1020 3535 1054 3582 re
1081 3515 1214 3581 metrica
1234 3515 1323 3611 quasi

207 3638 242 3702 iu
275 3655 331 3702 sua
366 3637 529 3720 provincia
565 3639 708 3704 versatus
741 3636 825 3703 haud
858 3637 1059 3703 mediocriter
1088 3639 1120 3703 et
1146 3634 1260 3702 iudicio
1291 3638 1323 3702 et

211 3757 354 3824 doctrina
385 3756 533 3823 adiuvare
560 3777 611 3824 me
639 3757 748 3824 voluit.
800 3778 858 3825 nec
887 3777 950 3825 non
976 3759 1068 3842 grato
1099 3756 1202 3822 anirno
1229 3756 1323 3822 heras

209 3876 283 3944 illas
314 3877 347 3943 iu
376 3878 716 3959 memoriamrevoco,
754 3879 809 3947 ubi
839 3900 913 3947 cum
940 3879 1098 3946 Guilelmo
1126 3877 1323 3945 Studemund

210 4000 409 4083 quaestiones
431 4000 578 4067 metricas
598 4002 682 4069 haud
705 4001 771 4070 sine
794 4002 900 4071 fructu
918 4021 988 4068 meo
1012 4000 1202 4086 perpendere
1222 3998 1322 4065 licuit.

296 4243 323 4313 ¹¹)
348 4242 382 4298 In
413 4242 499 4298 lucem
524 4243 610 4299 missa
639 4246 682 4300 est
704 4241 872 4317 Ηλιοδώρου
895 4245 1064 4316 κωλομετρία
1094 4238 1322 4317 Ἀριστοφάνειος

208 4329 290 4388 Hali!
303 4346 327 4388 a
344 4329 590 4387 MDGGGIAEVIH.
