3134 4984
605 330 710 387 Scholia
728 330 758 386 in
775 331 869 386 nubes.
1252 333 1288 390 45

180 484 252 554 ἔστι
272 485 309 553 δέ
328 486 366 554 τὸ
381 486 489 574 παρὸν
503 481 667 577 ἐπίρρημα
689 485 725 553 ἐκ
745 483 862 569 στίχων
874 487 1050 575 τροχαῖκιῦν
1065 487 1287 576 τετραμέτρων

180 592 420 680 καταληκτικῶν
442 585 508 672 ις’·
529 583 571 657 ὦν
592 592 775 670 τελευταῖος

320 710 373 768 κᾶν
390 713 420 766 ἐν
437 710 573 782 Αἰγύπτῳ
593 716 688 782 τυχεῖν
707 710 746 767 ὢν
763 714 872 783 μᾶλλον
890 708 907 779 ἢ
924 717 1017 787 κρῖναι
1036 707 1154 793 nescio]

270 839 507 900 1130—1153.
550 830 712 919 πέμπτης
736 828 897 920 [Κορωνὶς
925 825 1092 897 εἰσιόντων
1119 836 1183 897 τῶν
1204 828 1291 899 ὓπο-

179 941 296 1024 κριτῶν
317 935 373 1003 καί
397 932 551 1013 1έκθεσις
574 933 666 1022 παρὰ
697 933 772 1013 τοὺς
792 931 1032 1023 τετραμέτρους.
1071 931 1142 1002 ἔστι
1164 936 1226 1023 γὰρ
1248 936 1289 1003 τὰ

180 1037 253 1132 ἑξῆς
275 1037 411 1125 ἰαμβικὰ
431 1035 586 1128 τρίμετρα
606 1032 682 1126 κγ’]

271 1184 509 1248 msa-1169.
552 1160 689 1261 βοδσομ’
711 1169 798 1262 ἰίραε
822 1175 955 1262 [[Διπλῆ
979 1174 1054 1242 2καὶ
1075 1170 1225 1255 εἰσθεσις
1242 1172 1291 1256 εἰς

179 1280 278 1367 μέλος
299 1274 476 1366 ἄμοιβαῖσν
495 1282 559 1345 τῶν
580 1276 766 1367 ὑποκριτῶν
798 1272 1034 1357 θείκοσοίκωλος
1055 1278 1093 1346 τὸ
1114 1278 1175 1364 μέν
1198 1285 1291 1368 πρῶ-

179 1410 239 1452 τον
263 1382 299 1465 ἒξ
320 1380 472 1472 ἰαμβικῆς
498 1376 641 1467 βάσεως,
679 1387 743 1476 τῷν
763 1378 835 1468 ἰίρα
854 1376 910 1449 δύο
936 1386 1092 1471 βραχειῶν
1122 1374 1194 1450 ἀντὶ
1215 1387 1292 1467 μιᾶς

180 1491 309 1575 μακρᾶς
331 1485 544 1572 λογιζομένων
566 1485 622 1552 καί
644 1488 815 1574 τροχαϊκοῢ
837 1490 1109 1574 πενθημιμερσῦς.
1135 1484 1174 1555 τὸ
1188 1481 1291 1553 δευτε-

181 1615 238 1678 ρον
260 1588 297 1671 ἐξ
317 1586 470 1677 ἰαμβικῆς
490 1587 617 1674 βάσεως
637 1587 693 1655 καί
714 1591 886 1678 τροχαϊκοῦ
908 1584 1160 1677 ἓφθημιμεροῦς.
1191 1589 1292 1657 τὰδὲ

182 1689 256 1782 ἑξῆς
284 1690 342 1758 δύο
369 1688 505 1778 ἰαμβικὰ
535 1690 686 1782 τρίμετρα
715 1684 930 1780 οἰκατσίληκτα.
971 1685 1049 1776 μεθ’
1075 1687 1290 1760 δίδακτυλικδι

182 1801 410 1885 πενθημιμερῆ
432 1793 516 1882 τρία.
555 1798 593 1862 τὸ
622 1792 737 1882 δ’χδοον
758 1794 795 1876 έξ
808 1787 949 1862 Ἰωνικοῦ
978 1786 1047 1862 ἀπὸ
1069 1792 1217 1881 μείζονος
1236 1795 1293 1864 καί

180 1896 308 1988 χορείου
338 1895 495 1988 δίμετρον.
531 1898 570 1967 τὸ
592 1896 705 1967 ένατσν
735 1898 772 1981 έξ
800 1895 974 1989 ἐπιτρίτων
999 1902 1116 1987 τρίτων
1143 1897 1292 1991 δίμετρον

182 1997 477 2092 ὖπερκατοίληκτον.
498 2001 536 2069 τὸ
554 2000 690 2070 δέκατον
705 1999 742 2070 ἐκ
757 1999 941 2090 διτροχαίου
955 2001 1012 2069 καί
1036 1992 1292 2088 4κνίντισπυίστου,

183 2103 250 2175 εἰτε
272 2103 440 2193 ἐπιτρίτου
467 2100 618 2194 τετάρτου
647 2105 703 2173 καὶ
724 2101 887 2192 διιοίμβου.
923 2105 965 2172 τὰ
986 2098 1059 2195 ἑξῆς
1081 2101 1138 2173 δύο
1158 2132 1292 2195 χοριαμ-

183 2208 263 2296 βικδι
277 2205 412 2297 δίμετρα
426 2208 719 2298 βραχυκατάληκτα.
732 2209 771 2278 τὸ
786 2209 1050 2299 τρισκαιδέκατον
1066 2209 1103 2277 έκ
1115 2210 1293 2300 χσριοίμβαι·

184 2310 241 2379 καί
269 2308 449 2379 σπονδείου.
492 2312 531 2380 τὸ
560 2307 607 2380 ιδ’
636 2314 833 2402 σπονδειακῆ
864 2310 1075 2381 ταυτοποδία.
1116 2313 1154 2382 τὸ
1184 2310 1228 2381 ιε’
1258 2314 1313 2382 ἐκ·

113 2440 119 2451 ·
183 2411 333 2495 παίωνος
353 2411 506 2504 τετάρτου
525 2415 581 2483 καί
603 2412 730 2503 ἰάμβου.
753 2418 792 2486 τδ
808 2412 856 2499 ις’
879 2415 1118 2486 οἰναπαιστικὸν
1143 2413 1294 2508 δίμετρον

184 2512 413 2609 οἰκατοίληκτον.
452 2520 490 2590 τὸ
519 2518 564 2603 ιζ’
587 2520 778 2590 δακτυλικὸν
806 2518 955 2612 δίμετρσν
986 2504 1215 2611 διαίοίληκτον.
1255 2521 1295 2590 τὸ

184 2620 233 2712 ιη’
254 2616 368 2708 ὅμοιον
391 2628 437 2712 τῷ
463 2620 535 2691 5ιεῖ
557 2623 599 2691 τδι
622 2622 694 2716 ἑξῆς
716 2627 806 2715 δῆλα.
835 2626 983 2715 ζητητέον
1005 2625 1042 2694 δέ
1063 2623 1143 2713 περὶ
1163 2622 1294 2694 πάντων

185 2722 443 2819 ἀκριβέστερον]

275 2873 514 2935 1170—1205.
557 2865 595 2936 τὸ
619 2862 671 2935 ἰοῦ
691 2864 742 2934 ἰοῦ
764 2865 825 2935 ἐπὶ
841 2870 942 2958 χαρᾶς
963 2872 1178 2956 περισπᾶται.
1200 2869 1294 2957 (Λλ-

1216 2861 1236 2891 )Ι

187 3026 396 3042 n———un—-—J

276 3130 292 3183 1
310 3131 433 3188 εἴσδεσις
451 3129 552 3183 etsist
571 3127 627 3202 γὰρ
645 3127 679 3182 R.
696 3126 747 3182 hoo
765 3127 896 3183 scholium
920 3126 954 3182 ob
970 3126 1053 3184 verba
1077 3131 1201 3188 εἴοθεσις
1218 3129 1294 3205 παρὰ

185 3213 250 3275 τοὺς
262 3218 458 3289 τετραμέτρους
471 3213 505 3270 cf.
523 3218 715 3288 κωλομετρίαν
725 3213 761 3270 ad
770 3214 945 3270 Heliodorum
956 3217 998 3271 est
1008 3213 1185 3271 referendum.
1204 3215 1296 3270 omisit

184 3302 318 3357 recentior
334 3301 480 3357 scholiasta
497 3302 527 3357 in
541 3303 594 3356 fine
612 3300 677 3357 hoc:
695 3301 743 3356 ἐπὶ
760 3308 799 3372 τῷ
817 3305 888 3356 τέλει
907 3307 1034 3373 κσρωνίς.
1116 3303 1134 3356 2
1154 3306 1201 3358 καὶ
1219 3303 1296 3360 addi·

186 3388 228 3443 ‹lit
247 3388 403 3443 Dindorfius
418 3389 531 3455 iniuria,
552 3389 616 3459 quia
633 3387 779 3444 scholiasta
796 3388 847 3444 hoc
861 3388 939 3444 modo
951 3389 1033 3445 rerba
1044 3389 1185 3444 Heliodori
1197 3391 1296 3461 (διπλῆ

186 3478 236 3529 καὶ
253 3476 385 3545 εἴσδυσις)
404 3479 508 3533 mutare
527 3476 611 3537 solet,
630 3475 663 3531 of.
683 3474 747 3531 nub.
760 3477 826 3543 520,
845 3479 928 3547 equit
941 3479 1000 3534 303.
1076 3480 1094 3533 3
1112 3475 1297 3535 εἰκοσάκωλος

184 3559 356 3618 referendum
379 3563 414 3618 ad
438 3567 572 3628 εἴσιεσιι,
604 3563 679 3618 cuius
700 3579 793 3620 veram
817 3564 1044 3633 significationem
1074 3562 1220 3620 scholiasta
1242 3578 1296 3618 non

185 3647 334 3714 intellexit,
358 3649 520 3706 Heliodorus
543 3650 689 3720 scripserat
707 3651 901 3707 εὶκοσάκωλυν.
1004 3652 1023 3707 4
1040 3655 1088 3706 καὶ
1104 3649 1296 3710 ἀνασπάσειν

185 3734 295 3802 Herm,
314 3736 534 3792 ἀντισπαοτικοῦ
551 3735 612 3793 ald.
700 3737 768 3793 5In
784 3738 869 3808 Regio
888 3739 1018 3808 scfiptum
1036 3737 1124 3793 ἄπιθι
1143 3735 1178 3792 σὺ
1197 3734 1296 3806 λαβών,

185 3822 351 3892 respondens
370 3823 501 3879 sedecimo
523 3823 565 3877 ὅδ
585 3823 792 3899 reclamacio,
822 3841 883 3881 cum
906 3825 957 3881 hac
972 3825 1164 3895 explicatione:
1193 3821 1223 3876 τὸ
1242 3822 1296 3896 γὰρ

188 3914 221 3962 tc
240 3906 320 3977 κοινῆ
343 3909 401 3963 ἔστι
420 3908 554 3979 συλλαβή,
586 3909 622 3970 ὠς
642 3913 729 3980 λῆγον
747 3915 787 3972 εἰς
808 3916 893 3985 μέρος
909 3910 1010 3985 λόγου,
1038 3917 1161 3986 χρῶνται
1185 3909 1216 3963 δὲ
1237 3914 1297 3968 ταῖς

186 3991 332 4054 τοιαύταις
349 4002 456 4057 κοιναῖς
474 3999 624 4065 συλλαβαῖς
640 3998 669 4049 οἱ
687 3996 879 4075 ὶαμβογρσίφοι
894 3999 923 4052 ἰν
941 3997 1046 4070 μόνοις
1058 3999 1235 4054 δακτυλικσῖς
1250 3995 1297 4049 καὶ

188 4082 402 4144 ἀναπαιστικσῖς
422 4089 542 4154 στίχοις,
566 4083 596 4136 ἐν
615 4087 754 4155 ἰαμβικοῖς
772 4084 804 4138 δὲ
822 4083 959 4159 οὐδαμῶς.
977 4084 1066 4141 Diibn.
1100 4080 1242 4154 legebatur
1260 4086 1297 4152 τῷ

188 4166 236 4234 ις’,
256 4167 444 4238 quodfalsum
463 4170 512 4227 est.
548 4169 695 4226 scholiasta
711 4170 818 4227 videtur
835 4171 948 4242 legisse,
972 4175 1004 4227 ut
1020 4187 1069 4226 nos
1089 4169 1297 4235 emendavimus,

188 4251 279 4308 ἅπιθί
298 4272 344 4309 σοι
361 4254 460 4326 λαβών.
496 4259 578 4327 atque
596 4256 637 4313 ita
654 4256 721 4313 haec
737 4258 822 4313 verba
839 4257 933 4314 eodem
954 4261 1039 4315 metro
1062 4261 1139 4323 sunt,
1169 4273 1221 4328 quo
1240 4256 1297 4322 illa,

189 4337 235 4395 ἄιε
253 4345 304 4394 σοῦ
323 4341 442 4417 πατρός,
468 4344 498 4399 in
515 4344 612 4415 quibus
626 4344 772 4403 scholiasta
789 4346 906 4417 primam
928 4345 1173 4417 intercessioni.
1205 4346 1296 4402 Herm.
