3134 4984
277 250 313 309 86
695 251 802 307 Scholia
819 250 849 305 in
865 266 966 321 paoem.

368 418 608 478 1720—1730.
651 406 766 495 δίναγε,
796 405 906 490 δίεχει
934 402 1121 494 [[Είσθεσις
1146 407 1263 491 μέλους
1290 414 1398 494 χοροῦ·

278 510 326 591 εὶς
352 508 411 580 δίο
437 509 609 601 περιόδους
645 509 815 601 διῃρημένη
841 507 951 577 κοίλων
981 505 1042 596 ιβ’.
1083 508 1149 577 εἰσὶ
1179 509 1216 577 δέ
1242 515 1301 600 τῆς
1326 511 1388 596 μὲν

278 610 408 705 πραίτης
425 615 579 700 τροχαῖκδ
602 610 636 697 ς’
659 614 895 701 έπιμεμιγμένα
923 613 1062 702 χορείαις
1089 613 1144 681 καὶ
1165 610 1307 699 ἰάμβοις.
1343 608 1389 681 ὧν

276 718 318 785 τὰ
335 718 380 801 α’,
402 718 449 804 β’,
473 718 515 801 δ’,
538 718 569 785 ε’
592 717 729 807 δίμετρα
755 710 970 807 οἷκατάληκτα.
1012 719 1051 785 τὸ
1074 712 1107 805 γ’
1137 717 1389 806 πενδημιμερές.

276 822 315 890 τδ
337 818 371 903 ς’
393 818 624 912 ἑφθημιμερές.
646 830 704 911 τῆς
724 821 759 889 δέ
782 821 933 909 δευτέρας
954 821 991 903 ἐξ
1010 815 1255 888 ἄναπαιστικῶυ
1274 820 1389 906 τὰμὲν

277 923 323 1004 α’,
345 922 378 992 δ’
401 922 537 1015 δίμετρα
558 919 773 1016 όκατάληκτα.
800 925 842 991 τὰ
864 924 901 992 δέ
915 924 962 1009 β’,
983 921 1014 991 ε’
1037 917 1260 1015 οίναπαιστικῆ
1281 924 1387 1011 βάσις.

276 1028 314 1099 τδ
337 1028 371 1116 y'
393 1029 644 1119 πενδημιμερές.
679 1028 774 1110 τός’
796 1025 1027 1118 ἑφθημιμερές.
1071 1027 1131 1095 ἐπὶ
1158 1033 1232 1108 ταῖς
1253 1026 1388 1098 ἀποδέ-

277 1153 349 1201 σεσι
369 1128 616 1223 παράγραφος.]Ι

367 1248 449 1307 1731
462 1246 609 1306 -1747,
655 1235 770 1326 [[Ἥρηι
790 1233 865 1303 ποτ’
882 1232 1067 1325 Ὀλυμπίας
1093 1234 1148 1308 Τὰ.
1164 1241 1298 1306 τοιαῦτα
1315 1235 1388 1327 εἴδη

277 1341 424 1409 καλεῖται
468 1341 578 1428 1τριὰς
617 1340 777 1429 ἑπῳδικῆ,
817 1340 873 1406 καὶ
909 1336 973 1406 εἰσί
1001 1346 1058 1429 τῆς
1086 1339 1147 1424 μέν
1176 1346 1318 1430 στροφῆς
1345 1343 1388 1409 τὰ

278 1444 368 1509 κῶλα
389 1443 430 1525 ε’,
460 1443 515 1510 καὶ
542 1444 584 1510 τὰ
611 1451 668 1533 τῆς
695 1436 911 1533 ἀποστροφῆς
937 1447 1087 1528 τοσαῦτα.
1131 1440 1197 1509 εἶσὶ
1218 1443 1255 1511 δέ
1276 1445 1388 1513 πάντα

274 1540 394 1615 Ἰωνικὰ
417 1539 486 1613 οἷπδ
506 1545 654 1631 μείζονος
676 1543 886 1637 ἓφδημιμερῆ
914 1543 1084 1625 παντοίοις
1111 1545 1272 1631 σύμμικτοι
1292 1548 1387 1619 ποσί.

276 1657 334 1740 τῆς
364 1643 397 1717 δ’
426 1650 558 1738 ἕπιμδοῦ
595 1653 683 1718 κῶλα
713 1650 747 1732 ς’
778 1643 1001 1717 α’ναπαιστικδι
1036 1648 1170 1738 δίμετρα
1207 1652 1292 1741 πλῆν
1327 1659 1389 1721 τοῦ

275 1751 458 1823 τελευταίου
485 1746 697 1843 ἀκατάληπτα.
740 1753 798 1820 ἐπὶ
817 1760 864 1842 τῷ
891 1753 975 1821 τέλει
1004 1758 1062 1842 τῆς
1085 1753 1144 1837 μέν
1166 1761 1308 1845 στροφῆς
1330 1757 1389 1825 καὶ

274 1855 491 1947 ἅντιστροφῆς
513 1854 745 1946 παράγραφος,
767 1865 826 1947 τῆς
850 1857 886 1925 δὲ
908 1856 1039 1947 ἐπῳδῆς
1060 1856 1224 1946 κορωνίςῆ]

365 1970 603 2030 1748-1765.
650 1955 701 2049 lei
715 1960 799 2048 μέγα
814 1962 945 2049 χρύσεον
962 1986 970 2029 ι
985 1957 1146 2041 Είσθεσις
1163 1958 1256 2050 ἑτέρα
1269 1963 1389 2048 μέλους

273 2068 370 2153 χοροῦ
389 2062 436 2145 εἰς
460 2061 518 2132 δύο
541 2064 710 2154 διῃρημένη
732 2061 905 2153 περιόδους
926 2060 1038 2129 κιόλων
1061 2063 1118 2154 ιη’.
1151 2058 1195 2131 ὧν
1215 2072 1272 2155 τῆς
1293 2068 1388 2153 πριό-

274 2193 332 2257 της
360 2164 515 2258 περιόδου
546 2161 766 2236 όναπαιστικδι
786 2165 830 2251 ς’,
869 2167 953 2256 πλὴν
982 2174 1040 2235 τοῦ
1061 2165 1095 2254 γ’
1118 2169 1175 2235 καὶ
1203 2171 1388 2240 τελευταίου

279 2269 538 2362 θόκαταλῆκτιον.
560 2279 617 2361 τῆς
639 2271 788 2359 δευτέρας
808 2265 896 2337 κῶλα
917 2266 974 2356 ιβ’.
993 2271 1032 2337 τὸ
1055 2267 1091 2337 α’
1113 2273 1301 2342 δακτυλικδν
1318 2274 1388 2363 τρί-

274 2400 391 2463 μετρον
412 2369 643 2464 ἀκαταληκτον.
672 2377 713 2442 τὰ
735 2373 784 2460 β’,
809 2373 852 2458 ς’,
876 2372 929 2458 θ’,
953 2371 1000 2441 ια’
1017 2373 1152 2461 ἰαμβικδι
1168 2380 1386 2467 καταληκτικδι

274 2475 416 2566 δίμετρα.
456 2479 497 2545 τὰ
519 2479 562 2565 γ’,
586 2482 605 2546 δ
612 2480 629 2562 ’,
653 2475 693 2559 ε’,
715 2475 756 2563 ζ’,
782 2475 820 2560 ι’,
841 2475 888 2563 ιβ’
915 2479 1070 2566 τροχαϊκὰ
1091 2476 1308 2570 έφδημιμερῆ.
1334 2484 1385 2552 ιτδ

275 2586 305 2670 η’
335 2580 489 2668 ἰαμβικὸν
518 2579 748 2673 έφδημιμερές.
792 2583 850 2650 ἐπὶ
877 2589 924 2671 τῷ
952 2583 1037 2649 τέλει
1064 2585 1200 2671 κορωνὶς
1226 2583 1245 2675 ῆ
1268 2587 1386 2656 καὶτὸ

274 2686 381 2772 δρ”,ιια
403 2690 620 2775 περατοῦσαῆ]

635 3180 1015 3277 EIPHNH.
1121 3143 1125 3164 '

363 3359 492 3420 1-81,
540 3351 611 3439 ῆἩ
635 3350 783 3433 είσδεσις
811 3359 868 3422 τοῦ
898 3356 1061 3444 δράματος
1089 3358 1125 3438 ἐξ
1152 3357 1310 3445 ἰαμβείων
1338 3362 1384 3427 π’

273 3453 428 3544 συνήθων.
473 3454 511 3522 τό
537 3454 647 3541 μέντοι
675 3458 695 3537 ξ
701 3456 709 3480 ‘
730 3455 926 3546 μονόμετρον
953 3453 1181 3548 ἅκατάληκτον.
1228 3462 1287 3530 ἐπὶ
1309 3472 1386 3546 ταῖς

273 3555 460 3624 ἆποθέσεσι
482 3558 606 3648 καὶτῷ
627 3558 712 3627 τέλει
733 3558 979 3653 τιαροίγραφοςῆ

361 3671 533 3731 82-101,
581 3662 746 3754 [[ῆσυχοςε
783 3667 834 3730 Τὰ
857 3664 929 3756 ἑξῆς
952 3667 1009 3733 ιδ’
1039 3671 1125 3734 κιῦλα
1154 3662 1386 3755 ἆναπαιστικοί,

274 3765 358 3855 πλὴν
380 3772 437 3833 τοῦ
460 3762 498 3847 ι’,
520 3764 654 3855 δίμετρα
674 3762 890 3857 οἷκατόληκτα.
921 3771 980 3837 ἐπὶ
1000 3775 1046 3858 τῷ
1060 3770 1143 3838 τέλει
1159 3770 1385 3864 παράγραφος.

273 3867 291 3935 ό
317 3869 352 3936 δέ
376 3875 533 3957 Τρυγαῖος
556 3870 763 3964 ἐπιβεβηκώς
784 3877 831 3961 τῷ
853 3869 1009 3962 κανθάρῳ
1031 3874 1131 3942 ταῦτά
1154 3880 1281 3965 φησιυῆ]

359 4101 374 4153 1
391 4100 470 4173 τριὰς
487 4100 612 4167 inmolari
623 4105 637 4164 ;'
649 4101 718 4155 hano
735 4118 827 4156 vocem
846 4103 875 4156 in
893 4103 1003 4158 scholiis
1025 4103 1181 4158 recentioris
1194 4106 1324 4175 temporis
1341 4108 1385 4162 in-

272 4187 400 4240 usitatam
418 4185 566 4241 scholiasta
584 4187 617 4242 ab
630 4188 774 4245 Heliodoro
787 4189 915 4259 petivisse
929 4189 1037 4245 videtur
1055 4190 1088 4244 of,
1099 4190 1181 4245 sohol.
1195 4190 1311 4247 Acharn.
1321 4193 1385 4252 wo.

271 4272 390 4331 2Strib⁴
414 4270 587 4342 δκατόληκτα
1067 4303 1069 4306 ,
