3134 4984
283 309 335 365 114

368 465 619 550 Antispasticum
652 468 792 532 metrum
824 464 949 531 nonnisi
981 467 1015 531 in
1047 487 1111 534 uno
1145 470 1269 538 scholio
1299 471 1392 538 nobie

281 570 431 650 occurrit,
464 571 520 636 ubi
542 589 653 635 versus
692 565 779 654 δεῦρ)
804 559 879 635 ἔλθ’
902 566 935 647 ἐς
963 568 1075 656 χορόν,
1111 565 1138 635 oi
1157 571 1390 659 χρυσοτρίαιν’,

283 668 309 739 ὦ
331 675 446 740 dicitur
471 668 726 737 ἅντιοιτιιστικὸν
752 669 921 758 τρίμετρον
942 670 1191 762 καταληκιικόν,
1218 700 1290 745 cum
1308 681 1391 745 Phe-

281 781 440 846 recrateus
479 779 511 843 et
544 775 722 860 Glyconous
760 767 1000 842 ἇνιισιτιεοτικὰ
1037 773 1172 866 δίμοιρα
1207 783 1391 849 habeantur.

260 961 261 964 Ἴ
282 883 545 948 commemoratur
567 883 673 946 autem
693 883 858 964 praeterea
879 882 912 945 in
934 881 1031 948 schol.
1054 884 1128 950 nub.
1144 892 1207 951 457
1232 884 1393 973 Φερεκρά-

282 1008 369 1049 ιιιον
398 980 519 1063 ἀτελές,
557 985 645 1050 cuius
676 985 795 1050 mentio
825 984 862 1050 fit
892 985 990 1050 etiam
1018 985 1100 1070 apud
1126 988 1170 1053 M.
1193 988 1393 1056 Victorinum

280 1089 323 1172 (p.
341 1096 402 1179 119
426 1088 474 1153 ed.
496 1087 564 1172 611
608 1088 787 1154 Dimetrum
809 1087 890 1173 (scil.
913 1089 1165 1177 antispasticum)
1184 1093 1392 1176 brachycata-

279 1191 415 1269 leetum,
435 1190 519 1275 quod
540 1191 669 1273 quidam
696 1183 927 1276 Φερεκράτειον
949 1186 1058 1270 ἀτελὲς
1079 1197 1208 1275 vocant,
1243 1197 1392 1275 „choreis

282 1297 426 1374 cantat“,
449 1318 471 1347 υ
486 1333 505 1344 -
522 1333 542 1343 -
558 1296 602 1379 -1
624 1317 653 1360 υ.
697 1299 735 1361 111
755 1296 873 1362 mirum
893 1297 958 1375 est,
989 1297 1071 1380 quod
1100 1301 1192 1365 vetus
1220 1300 1393 1365 scholiasta

281 1419 407 1467 versum
423 1398 667 1483 ithyphallicum
686 1400 747 1464 hoc
768 1396 862 1465 modo
884 1399 1109 1483 interpretatus
1131 1401 1188 1481 sit,
1219 1403 1266 1468 ita
1288 1404 1391 1470 mani-

281 1502 503 1582 festissimum,
539 1502 622 1586 apud
652 1503 697 1568 M.
717 1502 932 1582 Victorinum,
969 1503 1023 1586 qui
1051 1503 1124 1570 inde
1155 1509 1391 1573 amonometro

283 1607 487 1690 antispastico
508 1606 548 1670 ad
569 1606 665 1672 metri
685 1607 848 1690 fastigium
884 1607 1119 1691 progrediatur,
1155 1610 1271 1677 falsum
1306 1611 1392 1678 tradi

280 1710 459 1796 exemplum
495 1710 643 1788 „choreis
666 1712 809 1775 cantat“.
833 1710 917 1794 (fort
939 1709 1146 1799 choreisque!
1167 1715 1280 1798 canat).

368 1865 508 1929 Metrum
536 1864 754 1929 dochmiacum
778 1868 871 1930 vetus
905 1867 1149 1949 grammaticus,
1189 1867 1265 1934 licet
1293 1869 1391 1933 doch·

280 1969 419 2034 miacum
442 1969 555 2051 pedem
582 1968 820 2053 antispasticum
848 1969 1078 2033 monometrum
1100 1970 1393 2052 hypercatalectum

280 2072 444 2152 habuerit,
486 2069 609 2137 scandit
643 2091 699 2155 per
737 2070 879 2155 singulos
912 2070 1007 2153 pedes
1044 2072 1083 2135 cf.
1119 2073 1215 2137 schol.
1252 2072 1392 2139 Acharn.

256 2199 258 2206 ¹
281 2171 408 2240 ἁπλοῦν
435 2172 474 2239 τὸ
499 2170 609 2260 τρίτον
639 2213 682 2220 -
711 2173 848 2239 διπλοῦν
877 2167 916 2239 τὸ
945 2170 1036 2238 ἕκτον
1067 2177 1099 2240 91
1127 2175 1224 2241 schol.
1251 2174 1392 2242 Acharn.

176 2368 178 2370 ι
283 2286 362 2358 284,
393 2286 474 2358 384,
510 2279 542 2343 91
563 2297 610 2363 eq.
635 2284 715 2356 303,
738 2277 793 2343 ubi
815 2276 933 2361 legitur
959 2274 998 2342 τὸ
1021 2274 1166 2361 δεύτερον
1187 2274 1223 2342 ἐκ
1244 2282 1395 2366 κρητικοῦ

281 2381 336 2447 καὶ
364 2377 497 2463 δοχμίοο
524 2381 605 2465 (scil.
634 2377 760 2464 ποδὸς).
813 2400 920 2449 veram
952 2383 1060 2446 autem
1094 2381 1263 2447 lectionem
1294 2384 1393 2449 fuisse

281 2486 422 2569 suspicor
441 2480 565 2560 ἁπλοῦς
591 2480 724 2565 δόχμιος
751 2485 783 2548 91
814 2483 965 2564 διπλοῦς,
1004 2484 1041 2548 de
1063 2503 1125 2567 qua
1152 2503 1187 2549 re
1209 2485 1274 2549 iam
1295 2505 1394 2568 supra

281 2588 458 2654 accuratius
480 2587 551 2652 dixi.
593 2588 688 2670 metri
717 2587 816 2651 Ionici
839 2586 980 2671 exempla
1002 2588 1126 2652 exstant
1147 2588 1179 2652 in
1202 2587 1300 2653 schol.
1322 2608 1393 2672 pac.

283 2699 344 2756 856
377 2686 525 2772 ,Ἰωνικὰ
556 2684 626 2755 circei
657 2685 800 2772 μείζονος
826 2684 1051 2777 ἓφθημιμερῆ,
1090 2692 1122 2756 91
1151 2686 1305 2777 ἡμιόλιαι(
1336 2693 1393 2777 (cf.

281 2796 378 2861 schol.
397 2814 465 2878 poc.
483 2801 561 2871 939,
591 2794 663 2861 nub.
687 2801 771 2858 1303
801 2796 833 2859 et
862 2795 976 2878 1345),
1012 2813 1090 2877 quae
1121 2793 1230 2861 eadem
1259 2797 1329 2861 cola
1356 2796 1393 2861 in

281 2898 377 2963 schol.
399 2918 468 2981 pao.
493 2904 576 2962 1329
601 2895 799 2981 appellantur
828 2947 847 2977 „
857 2892 992 2981 δίμοιρα
1017 2895 1232 2985 καταληκιικὰ
1253 2901 1286 2964 91
1307 2902 1394 2985 βρα-

279 2999 527 3088 χυκοιιοίληκτοι.“

370 3155 467 3219 Μ9111
486 3153 628 3237 paeonici
648 3153 731 3236 quod
752 3173 808 3237 per
831 3153 971 3238 singulos
985 3154 1080 3240 pedes
1097 3153 1225 3236 feritur,
1248 3153 1394 3223 videmus

282 3256 365 3340 apud
385 3259 523 3322 veterem
546 3256 750 3322 scholiastam
771 3257 886 3352 miraqn
908 3259 1001 3341 atque
1026 3278 1045 3323 a
1067 3259 1189 3324 ratione
1215 3260 1395 3326 ceterorum

281 3359 562 3445 grammaticorum
577 3360 701 3425 omnino
715 3359 944 3444 discrepantem
954 3360 1200 3444 explicationem.
1224 3381 1296 3430 cum
1307 3363 1395 3429 euim

282 3483 346 3529 non
367 3464 483 3547 pedum
507 3462 561 3528 sed
584 3482 786 3529 numerorum
814 3464 896 3529 ratio
920 3464 1089 3542 subsistat,
1112 3484 1170 3529 nec
1187 3464 1283 3549 pedes
1302 3465 1395 3550 pedi·

282 3569 341 3633 bus
361 3586 453 3651 pares
474 3566 697 3646 restituantur,
719 3565 774 3633 sed
798 3569 940 3651 tempora
960 3567 1154 3650 temporibus
1170 3568 1395 3653 adaequentur,

282 3669 453 3734 scholiasta
472 3670 532 3735 hoc
555 3672 692 3735 metrum
714 3670 897 3755 rhythmum
916 3670 1063 3736 habuisse
1083 3669 1227 3752 videtur,
1250 3672 1394 3757 singulos

282 3792 390 3840 versus
420 3791 483 3837 non
517 3771 667 3838 dimetros
696 3777 729 3839 91
754 3772 916 3839 trimetros
948 3772 1003 3838 scd
1030 3766 1225 3860 ὄιρρίθμοος
1249 3776 1283 3839 91
1303 3797 1395 3859 τριρ-

282 3868 426 3960 ρίθμοις
448 3875 627 3960 appellans,
655 3875 796 3942 velutin
819 3876 915 3943 schol.
938 3895 1005 3960 pac.
1024 3883 1107 3941 1127
1134 3874 1298 3941 corrected
1322 3870 1393 3963 δίρ-

283 3983 412 4063 ριιίίμοι,
433 3975 630 4064 τρίρρυθμα,
654 3972 880 4064 τετράρροθμα
902 3999 949 4064 eq.
967 3986 1048 4058 362,
1070 3987 1141 4044 616.
1163 3978 1302 4045 Acharn.
1319 3984 1395 4058 666,

284 4088 384 4160 1214,
421 4083 475 4167 qui
496 4081 736 4165 tetramhythmi
756 4083 869 4149 modus
897 4102 1050 4166 nusquam
1075 4082 1249 4161 exceditur,
1287 4082 1394 4148 confer

281 4183 377 4251 schol.
407 4183 545 4249 Acheru.
572 4192 653 4264 284,
690 4186 745 4251 ubi
775 4186 954 4253 coniectura
979 4185 1105 4252 restitui
1132 4182 1276 4262 παίωνες
1304 4188 1395 4271 τρεῖς

282 4282 351 4374 (καὶ
375 4279 449 4373 δύο)
470 4284 555 4351 κατὰ
576 4284 743 4373 διαίρεσιν.
789 4290 927 4373 genuina
949 4291 1056 4355 autem
1083 4289 1177 4356 lectio
1199 4288 1281 4374 apud
1303 4291 1394 4356 vete·
