3134 4984
290 304 396 360 106·

289 463 376 529 locos
402 461 495 529 huius
523 458 696 526 sententiae
730 478 857 544 prorsus
888 462 1057 529 contrarios
1083 465 1172 532 velut
1200 471 1296 536 schol.
1325 494 1397 557 pac.

292 572 370 645 155,
391 566 446 632 ubi
466 564 601 650 Trygaei
622 564 718 630 verba
733 564 771 630 oh
786 568 957 630 metrorum
972 566 1185 636 diversitatem
1201 571 1301 656 diplas
1316 579 1398 644 nota

288 673 371 740 inter
400 691 434 738 se
464 670 702 755 disiungrmtur,
741 669 850 734 deinde
884 670 980 735 schol.
1004 691 1073 755 pac.
1097 675 1177 752 301,
1208 683 1288 758 383,
1318 686 1396 760 571,

254 841 256 852 ,
289 782 369 857 650,
406 783 488 841 1329
520 774 583 841 alia
611 774 782 858 permulta,
818 772 899 838 unde
935 773 1026 840 facile
1061 777 1237 862 colligitur,
1276 781 1397 871 διπλῆν

253 889 263 978 ,’
289 901 352 947 non
374 880 512 948 indicare
534 897 752 965 personarum,
773 876 828 943 sed
847 877 945 944 solam
963 898 1108 946 versuum
1129 881 1213 978 inter
1234 903 1268 949 se
1287 886 1395 976 diver·

253 1057 255 1070 ,
289 984 427 1052 citatem.

376 1090 485 1175 Neque
506 1088 609 1154 minus
630 1086 787 1171 discrepat
806 1087 887 1152 inter
906 1087 1110 1169 antiquiorem
1133 1092 1339 1160 scholiastam
1363 1100 1397 1162 et

288 1194 478 1261 recentiores
499 1212 573 1259 usus
593 1190 737 1278 signandi
759 1191 792 1256 in
815 1190 1002 1257 carminibus
1031 1193 1274 1279 antistrophicis.
1321 1218 1397 1267 cum

289 1300 374 1366 enim
399 1300 432 1365 hi
458 1299 492 1363 in
518 1298 580 1363 fine
608 1297 750 1381 strophas
783 1295 960 1361 adscribant
987 1296 1105 1384 διπλῆν
1128 1293 1193 1363 έσισ
1212 1307 1395 1367 νενευκυῖαν

287 1403 459 1491 (δηλοῦσαν
480 1396 563 1483 ἔχειν
585 1391 817 1484 ἀνταπόδοσιν)
841 1400 880 1465 cf.
896 1399 991 1466 schol
1007 1401 1079 1466 nub.
1096 1409 1168 1482 275,
1190 1407 1223 1470 et
1242 1407 1396 1474 antistro-

286 1508 363 1592 phes
393 1504 451 1571 δύο
480 1506 601 1583 διπλᾶς
630 1494 817 1591 ἀμφοτέρας
849 1500 910 1583 ἔξω
932 1500 1107 1583 νενευκυίας
1137 1506 1176 1574 cf.
1198 1509 1296 1573 schol.
1319 1512 1395 1577 nub.

262 1567 269 1684 i
289 1619 370 1692 298,
393 1613 484 1678 vetus
507 1609 678 1677 scholiasta
699 1609 732 1674 in
751 1609 840 1675 initio
864 1611 1006 1693 strophas
1028 1629 1124 1694 aeque
1145 1614 1237 1695 etque
1253 1615 1397 1681 omnium

286 1714 486 1801 periodorum
515 1714 719 1780 metricorum
750 1712 878 1796 apponit
907 1711 1009 1797 diplen
1023 1705 1149 1792 'enaim
1184 1714 1217 1779 in
1240 1710 1395 1802 principio
1441 1717 1444 1720 ’

268 1797 393 1887 ’παῖσαι
426 1819 636 1902 antistrophes
665 1812 721 1881 dic
750 1815 871 1892 διπλᾶς
898 1814 1069 1880 indicantes
1098 1818 1333 1901 responsionem
1356 1822 1395 1887 cf.

286 1925 384 1992 schol.
407 1944 475 2008 pao,
493 1930 574 2001 383,
595 1915 647 2008 ὑφ’
673 1911 726 1997 οῖ’-ς
746 1920 864 1985 διπλαῖ
881 1917 926 2001 δ’,
947 1915 1061 1983 ἕπεται
1083 1915 1102 2006 ἡ
1123 1918 1394 2009 ἀναστρέφουσα,
1422 1944 1425 1948 ’

287 2034 361 2106 485,
382 2021 441 2091 δύο
464 2026 596 2105 διπλαῖ,
617 2023 732 2091 ἕπεται
751 2020 770 2112 ἡ
786 2018 998 2109 ἀντίστροφος
1017 2024 1048 2088 et
1063 2024 1209 2090 similiter
1223 2025 1406 2111 legendum.

285 2132 318 2198 in
340 2132 437 2199 schol.
462 2150 508 2217 oq.
526 2137 606 2209 683,
643 2123 699 2195 δύο
727 2127 859 2208 διπλαῖ,
899 2123 949 2192 ὅτι
981 2123 1096 2192 ἕπεται
1126 2119 1396 2220 ἦδνπίσνροφος.

285 2256 361 2302 usus
386 2237 493 2302 autern
513 2232 753 2319 praepositionis
775 2224 857 2311 ὑπό,
898 2250 917 2295 a
939 2251 999 2313 qua
1027 2232 1241 2299 accusativum
1262 2239 1397 2319 suspenss

286 2361 357 2407 sum
379 2359 447 2405 esse
471 2338 649 2416 rideamne,
672 2336 847 2402 luculenter
868 2335 1078 2414 demonstrat,
1098 2354 1161 2430 non
1182 2338 1397 2424 subscriptum

285 2445 381 2512 fuisse
405 2443 531 2528 signum
552 2441 671 2528 διπλῆς
696 2425 888 2518 novissimo,
919 2439 972 2522 qui
1002 2438 1159 2504 antecedit
1182 2443 1301 2521 versui,
1341 2447 1398 2511 sed

286 2547 479 2632 adscriptum
501 2546 597 2612 fuisse
619 2545 719 2611 eidem
740 2546 774 2609 in
793 2542 943 2627 margine.
978 2542 1137 2627 (similiter
1156 2545 1286 2629 simplex
1310 2546 1396 2633 diple
1494 2563 1498 2574 ·

286 2653 325 2718 cf.
348 2652 446 2717 schol.
469 2671 516 2735 eq.
532 2645 609 2717 498
625 2639 704 2736 „dq'
725 2639 745 2713 δ
763 2647 893 2734 διπλῆίί
923 2650 955 2713 et
976 2644 1108 2732 κοριονὶς
1131 2650 1219 2714 schol
1233 2670 1302 2733 pac.
1320 2658 1409 2731 301,

284 2746 337 2842 ὑφ’
362 2746 419 2832 ciis
441 2750 598 2841 κορωνὶς.)
880 2841 884 2848 ⁴
1230 2841 1233 2846 Ι

259 2913 263 2942 ,
372 2858 504 2944 Signum
526 2857 682 2923 coronidis
703 2855 869 2922 adhibetur
891 2876 910 2921 a
932 2849 1114 2933 scholiasta,
1138 2856 1192 2922 ubi
1207 2875 1305 2922 novae
1320 2878 1395 2942 per·
1489 2849 1493 2854 ’

254 3029 258 3040 ,
285 2982 379 3029 sonae
405 2965 461 3029 aut
485 2963 620 3040 intrant,
659 2962 714 3026 aut
742 2961 925 3043 relinquunt
956 2979 1082 3025 scenam
1115 2962 1172 3026 aut
1199 2961 1331 3028 redeunt
1351 2965 1394 3028 -in

286 3064 416 3132 eandem
441 3067 481 3131 cf.
504 3065 600 3132 schol.
624 3084 671 3147 eq.
689 3072 767 3144 247,
798 3059 947 3149 κορωνίς,
976 3059 1026 3128 δτι
1049 3059 1226 3148 εἰσέρχεται
1249 3061 1267 3129 ὁ
1288 3059 1395 3149 χορός,

286 3178 364 3249 923,
395 3166 542 3256 κορωνῖς,
574 3164 679 3247 ἐξίασι
700 3166 761 3252 γὰρ
789 3162 980 3253 interposui,
1012 3168 1108 3233 schol.
1130 3175 1315 3252 pac-1316,
1337 3172 1394 3237 uhi

285 3273 484 3341 scribendum
505 3272 629 3340 ridetur
647 3267 795 3357 κοριονίς,
817 3266 930 3349 ἐξίασι.
951 3291 1018 3354 pao.
1034 3279 1114 3351 819,
1141 3268 1288 3357 κορωνίς,
1307 3297 1394 3360 προ-

186 3401 191 3408 ’
282 3375 355 3443 ἰ”οισι
388 3376 448 3464 γὰρ
463 3371 509 3441 οῖ
537 3369 722 3457 ὑποκριταί.
766 3376 932 3459 propterea
954 3373 1064 3440 eadem
1090 3375 1178 3441 nobis
1201 3376 1337 3443 occurrit
1358 3379 1394 3444 in

282 3481 399 3566 paredo
419 3483 459 3547 cf.
483 3480 580 3548 schol.
604 3499 651 3563 eq.
669 3486 730 3545 247
756 3480 789 3543 et
810 3498 877 3562 pac.
895 3484 956 3544 301
981 3479 1066 3545 etin
1092 3480 1278 3563 parabaseos
1300 3481 1393 3548 initio

284 3586 316 3650 et
338 3587 430 3654 exitu.
476 3584 661 3651 offendimur
681 3585 790 3649 autern
818 3582 851 3647 in
873 3582 970 3648 schol.
991 3602 1037 3667 eq.
1063 3590 1125 3648 498
1160 3586 1194 3650 et
1214 3605 1281 3669 pac.
1306 3593 1392 3652 1127

283 3688 387 3755 verbis
427 3684 642 3754 εἷσελθδνιων
678 3692 742 3752 τῶν
774 3683 959 3770 ’ὑποκριτῶν
989 3684 1088 3768 μόνος
1116 3683 1134 3753 ὃ
1164 3686 1276 3773 χορὸς,
1295 3687 1393 3772 λέγει,

282 3813 357 3858 nam
379 3812 451 3858 cum
472 3794 505 3857 in
529 3792 625 3859 schol.
644 3811 691 3884 eq,
709 3797 771 3857 247
803 3792 835 3857 et
853 3795 921 3875 pac.
941 3798 1001 3856 301
1027 3786 1284 3877 ,,εῖσέρχεσθαι“
1305 3792 1394 3861 idem

283 3896 341 3974 sit,
362 3896 444 3980 quod
469 3887 624 3981 „prodire
640 3895 672 3959 in
695 3901 846 3961 scenam“
869 3897 929 3960 hoc
949 3895 1019 3960 loco
1038 3896 1084 3962 ita
1103 3895 1272 3962 vertimus:
1301 3901 1392 3980 post-

282 4019 378 4082 quam
404 4000 573 4065 histriones
607 4019 732 4065 scenam
769 3999 980 4083 reliquerunt,
1019 4001 1130 4066 chorus
1152 4003 1210 4067 eto.
1262 4003 1392 4068 tametsi

282 4105 359 4169 haec
394 4104 489 4171 verba
519 4104 646 4187 probari
675 4106 821 4188 possent,
859 4104 886 4168 si
916 4103 1061 4169 similiter
1092 4106 1262 4172 scholiasta
1293 4106 1391 4172 verbo

282 4202 416 4271 εἰσιέναι
448 4206 604 4291 duplicem
628 4208 692 4272 vim
715 4207 915 4284 subiecisset3
950 4208 1068 4292 legitur
1095 4211 1201 4275 tamen
1229 4205 1391 4290 ,,ε’ξιάσι“

282 4309 378 4376 schol.
401 4329 448 4394 eq.
466 4318 528 4375 973
552 4314 691 4379 et1263
723 4311 756 4376 in
784 4310 873 4377 initio
897 4311 1093 4398 parabaseos.
1135 4332 1230 4397 quem
1260 4314 1393 4382 obrem
