3134 4984
288 291 323 348 44
705 257 817 352 ⁸Scholia
834 295 863 350 in
880 295 972 352 nubes.

288 445 323 514 ἐκ
343 441 452 514 κώλων
477 454 696 538 χοριαμβικών
720 450 996 540 ἐπιμεμιγμένων,
1034 449 1079 533 ώς
1100 451 1141 520 τδι
1166 461 1224 544 τῆς
1252 459 1396 544 στροφῆς

287 546 363 617 καθ’
385 549 521 620 ἕκαστον
542 549 679 638 ἐχόντων
701 555 796 642 δέκα,
820 557 906 645 πλὴν
926 563 984 625 τοῦ
1005 556 1161 645 πέμπτου
1175 556 1211 640 ἐξ
1226 555 1397 646 ἐπιτρίτου

288 655 344 723 καὶ
365 652 519 742 διιάμβοο
550 658 773 745 συγκειμένου,
810 661 865 728 καί
892 665 949 728 τοῦ
976 657 1115 748 ἑβδόμου
1144 660 1182 728 ἐκ
1207 660 1396 750 χοριάμβου,

287 752 409 845 ἰάμβου
432 758 487 826 καί
509 754 741 831 άντισπάστσυ.
779 761 813 830 ἐν
834 762 966 832 ἐκθέσει
988 764 1024 832 δὲ
1047 762 1150 847 στίχοι
1168 760 1225 832 δόο
1246 763 1397 853 ίαμβικοὶ

287 860 495 954 τετράμετροι
525 864 768 955 καταληκτικοί,
803 863 912 952 δμοιοι
936 871 1008 946 τοῖς
1037 862 1118 956 ἑξῆς.
1163 866 1222 936 ἐπὶ
1240 873 1288 959 τῷ
1308 869 1397 936 τέλει

288 966 345 1035 δόο
381 970 501 1036 διπλαῖ
537 966 599 1051 ἔξω
629 976 822 1053 νενευκυῖαι,
854 967 878 1064 ἦ
910 969 967 1055 μὲν
1001 970 1036 1038 έν
1064 963 1161 1060 άρχῇ,
1201 968 1220 1061 ἡ
1247 972 1283 1039 δέ
1312 972 1394 1039 κατὰ

287 1070 327 1140 τὸ
347 1071 468 1161 τέλος.]]

379 1200 463 1260 1036
476 1203 619 1262 -1084,
665 1192 744 1282 [[καὶ
765 1196 830 1285 μὴν
852 1188 930 1262 πάλ’
952 1187 1042 1282 ἔγωγ’
1056 1189 1233 1285 ἐπνιγόμην
1249 1218 1258 1261 z
1272 1190 1400 1281 Ελλσθε-
1474 1282 1477 1285 Α

290 1318 343 1376 σις
364 1292 477 1383 ἑτέρας
506 1298 624 1387 διπλῆς
651 1290 831 1385 άμοιβαίας
857 1296 894 1365 ἐκ
919 1294 1035 1380 στίχοιν
1060 1296 1220 1384 ἱαμβικιῦν
1242 1295 1399 1386 τετραμέ-

289 1426 374 1490 τρων
394 1404 635 1489 καταληκτικῶν
655 1399 728 1486 μθ’.
760 1393 805 1468 ών
827 1404 1009 1480 τελευταῖος

430 1523 483 1585 ’ἕξει
501 1528 564 1576 τίνα
582 1519 700 1594 γνώμην
717 1526 810 1593 λέγειν
827 1522 857 1576 τὸ
878 1521 917 1593 μὴ
936 1520 1128 1597 εὐρύπρωκτος
1145 1523 1223 1576 εἶναι.

288 1626 327 1694 τὸ
364 1624 401 1693 δέ
437 1624 555 1714 μέτρον
586 1619 852 1696 Ἱππωνάκτειον.
889 1624 948 1693 ε’πί
989 1631 1036 1715 τῷ
1071 1625 1157 1697 τέλει
1194 1627 1298 1716 διπλῆ
1335 1622 1399 1708 ἔξω

289 1731 481 1816 νενεοκυῖα.]]
1082 1724 1084 1728 ’

370 1855 466 1917 ’1085
475 1890 516 1899 -
527 1858 620 1917 1104.
659 1846 720 1940 [[ἢν
740 1851 760 1917 δ
764 1841 775 1868 '
790 1845 1024 1938 εὗρόπρωκτοςε
1037 1842 1195 1929 ’Έκθεσις
1209 1853 1266 1938 τῆς
1280 1849 1402 1939 διπλῆς

290 1947 464 2038 άμοιβαία·
499 1943 536 2041 ἧς
558 1951 774 2040 προτίθενται
797 1951 901 2036 στίχοι
922 1951 1069 2040 ἱαμβικοὶ
1089 1950 1255 2043 τρίμετροι
1275 1948 1401 2019 άκατά-

291 2057 403 2145 ληκτοι
424 2054 585 2146 τέσσαρες.
620 2057 662 2124 τά
685 2056 721 2124 δὲ
743 2057 846 2124 λοιπά
869 2053 957 2124 κῶλά
977 2054 1060 2124 εἰσιν
1085 2053 1221 2144 ίαμβικά
1241 2046 1401 2123 όκτωκαί-

291 2162 371 2228 δεκα
393 2160 527 2249 δίμετρα
542 2154 757 2250 άκατάληκτα.
786 2159 843 2229 1τὸ
857 2159 968 2246 μέντοι
989 2157 1102 2248 όγδοον
1118 2160 1172 2228 καί
1191 2156 1401 2226 δυοκαιδέκα-

290 2290 347 2332 τον
366 2267 617 2354 πενθημιμερές.
653 2264 691 2331 τὸ
722 2261 1010 2332 πεντεκαιδέκατον
1036 2252 1097 2331 καί
1123 2261 1401 2331 ἑπτακαιδέκατον

290 2365 479 2457 μονόμετρα.
501 2370 540 2436 τὸ
563 2368 600 2435 δέ
620 2370 803 2436 τελευταῖον
824 2364 1054 2458 ἑωθημιμερές.
1089 2366 1149 2434 έπί
1168 2374 1215 2455 τῷ
1235 2367 1321 2434 τέλει
1336 2365 1401 2434 ’δύο

291 2475 410 2541 διπλαῖ
436 2470 498 2554 ἔξω
528 2475 701 2539 νενευκυίαι
729 2470 749 2562 ἡ
778 2471 836 2557 μὲν
870 2471 905 2538 ἐν
934 2477 976 2561 τῇ
1007 2463 1101 2561 άρχῇ,
1137 2467 1157 2560 ἦ
1184 2470 1221 2538 δέ
1248 2469 1331 2537 κατὰ
1361 2467 1401 2539 τὸ

290 2576 410 2664 τέλοςλ

384 2703 623 2764 1105—1114.
670 2692 731 2783 [[τί
752 2699 849 2785 δῆτα,
871 2689 1030 2784 πότερονε
1061 2693 1213 2784 Σόστημα
1234 2693 1317 2762 κατὰ
1338 2718 1401 2762 πε-

294 2797 431 2887 ρικοπὴν
459 2790 692 2887 άνομσιομερὲς
715 2796 834 2882 στίχων
855 2796 1016 2886 ἷαμβικών
1044 2796 1219 2886 τριμέτρων
1240 2790 1401 2889 ἀκαταλή-

292 2929 376 2971 κτων
400 2893 495 2971 όκτώ.
518 2901 552 2968 έν
575 2901 708 2970 ἐκθέσει
724 2902 760 2970 δέ
775 2905 864 2970 κῶλα
879 2900 1017 2989 ίαμβικά
1034 2899 1167 2990 δίμετρα
1183 2902 1401 2991 καταληκτικὰ

291 3004 365 3095 ἤτοι
393 3002 607 3095 ἓωθημιμερῆ.
642 3003 707 3089 ἔχει
734 3006 772 3074 δέ
800 3005 837 3073 τὸ
861 3006 1008 3094 δεότερον
1030 3008 1139 3084 Ικῶλον
1168 3002 1225 3074 τδν
1255 3000 1401 3093 δείπερον

293 3105 383 3179 πόδα
406 3106 576 3197 τρίβραχον
596 3107 669 3200 ἢτοι
688 3115 831 3198 χορεῖον
855 3109 915 3176 ἐπὶ
936 3118 983 3198 τῷ
1003 3108 1088 3176 τέλει
1110 3103 1355 3197 παράγραφος.λ

383 3254 621 3315 1115-1130.
668 3246 767 3334 βτοδς
794 3245 906 3334 κριτὰς
928 3237 950 3310 ά
969 3247 1195 3334 κερδανοῦσινε
1217 3239 1402 3312 Κάνταῦθα

292 3349 483 3441 παράβασίς
513 3346 610 3415 ἐστιν.
648 3346 714 3432 έχει
745 3349 781 3417 δὲ
804 3341 839 3417 οό
863 3348 973 3416 πάντα
1003 3348 1145 3438 τὰμέρη
1166 3353 1223 3439 τῆς
1245 3343 1401 3436 παραβά-

292 3477 388 3536 σεως,
427 3448 508 3519 άλλδι
544 3451 644 3537 μόνον
684 3452 740 3521 2τδ
771 3451 950 3543 ἐπίρρημα,
991 3453 1024 3521 έν
1058 3444 1085 3542 ᾧ
1118 3450 1200 3532 ἔθος
1232 3448 1252 3542 ἢ
1280 3452 1401 3543 χρηστὰ

294 3553 517 3640 συμβουλεύειν
538 3563 578 3645 τῇ
601 3552 713 3641 πόλει,
736 3553 757 3647 ἢ
777 3553 942 3625 σκώπτειν
963 3556 1039 3636 τοὺς
1058 3551 1224 3645 πονηρούς.
1250 3553 1402 3622 τίθενται

293 3658 353 3747 γὰρ
377 3658 413 3725 οὐ
432 3653 532 3743 μόνον
555 3657 676 3727 τέλειαι
696 3656 919 3748 παραβάσεις,
942 3657 1025 3736 ἀλλὰ
1041 3660 1096 3727 καὶ
1109 3658 1189 3748 μέρη
1204 3657 1274 3726 τινὰ
1288 3654 1402 3727 αὐτῶν.

381 3889 395 3942 1
420 3884 450 3940 τὸ
476 3890 572 3960 μέντοι
595 3885 717 3958 ἕβδομον
739 3889 787 3938 καὶ
818 3886 964 3940 ἑνδέκατον
996 3892 1129 3961 τρίμετρα
1156 3887 1203 3937 καὶ
1227 3883 1258 3938 τὸ
1285 3885 1403 3940 δέκατον

294 3972 506 4046 πενθχμιμερὲς
517 3970 589 4036 Ald„
612 3971 682 4040 quod
694 3970 787 4026 Herm.
806 3987 873 4027 corr.
910 3972 1063 4036 „Octavum
1080 3986 1187 4026 versum
1205 3969 1270 4025 dicit
1288 3973 1334 4022 καὶ
1346 3969 1405 4023 τὼν

292 4065 403 4116 θεατῶν
427 4056 559 4134 ὁπότεροι
584 4062 696 4118 πλείους
722 4057 839 4123 σκόπει,
870 4059 1040 4115 undecimum
1065 4063 1112 4112 καὶ
1129 4060 1241 4111 τουτονί
1259 4061 1328 4126 γοῦν
1345 4056 1401 4109 ολδ

293 4142 348 4213 ἐγώ
370 4143 537 4211 κἀκειυονί,
566 4143 698 4199 (λεαίνουσι
723 4145 786 4203 τοὺς
812 4144 1026 4220 εὐρυπρώκτους.
1062 4146 1133 4200 Nam
1160 4144 1199 4199 sic
1222 4158 1314 4198 versus
1337 4144 1406 4196 sunt

294 4228 422 4298 descripti
445 4230 475 4284 in
491 4227 569 4284 Aw
599 4228 687 4284 Diibn.
793 4231 811 4285 2
833 4232 863 4284 τὸ
887 4233 1027 4306 ἐπίρρημα
1051 4237 1098 4298 τῆς
1124 4227 1305 4305 παραβάσεως
1328 4226 1405 4293 Ald.,
1445 4274 1450 4282 .

295 4317 431 4387 postrema
449 4315 549 4373 delevit
563 4317 741 4375 Hermannus.
