<?xml version="1.0" encoding="UTF-8"?>
<!DOCTYPE html PUBLIC "-//W3C//DTD XHTML 1.0 Transitional//EN"
    "http://www.w3.org/TR/xhtml1/DTD/xhtml1-transitional.dtd">
<html xmlns="http://www.w3.org/1999/xhtml" xml:lang="en" lang="en">
 <head>
  <title>
</title>
<meta http-equiv="Content-Type" content="text/html;charset=utf-8" />
  <meta name='ocr-system' content='tesseract 3.04.00' />
  <meta name='ocr-capabilities' content='ocr_page ocr_carea ocr_par ocr_line ocrx_word'/>
</head>
<body>
  <div class='ocr_page' id='page_1' title='image "./colometriaearis00unkngoog_0051.png"; bbox 0 0 3134 4984; ppageno 0'>
   <div class='ocr_carea' id='block_1_1' title="bbox 521 311 1300 370">
    <p class='ocr_par' dir='ltr' id='par_1_1' title="bbox 521 311 1300 370">
     <span class='ocr_line' id='line_1_1' title="bbox 521 311 1300 370; baseline 0.003 -2"><span class='ocrx_word' id='word_1_1' title='bbox 521 327 523 331; x_wconf 84' lang='grc'><strong>’</strong></span> <span class='ocrx_word' id='word_1_2' title='bbox 604 313 711 368; x_wconf 78' lang='lat' dir='ltr'>Scholia</span> <span class='ocrx_word' id='word_1_3' title='bbox 735 312 765 367; x_wconf 88' lang='lat' dir='ltr'><em>in</em></span> <span class='ocrx_word' id='word_1_4' title='bbox 781 311 875 367; x_wconf 75' lang='lat' dir='ltr'><strong>nuben</strong></span> <span class='ocrx_word' id='word_1_5' title='bbox 1266 315 1300 370; x_wconf 75' lang='lat'><em>39</em></span> 
     </span>
    </p>
   </div>
   <div class='ocr_carea' id='block_1_2' title="bbox 179 460 1299 1736">
    <p class='ocr_par' dir='ltr' id='par_1_2' title="bbox 186 460 1299 978">
     <span class='ocr_line' id='line_1_2' title="bbox 188 460 1299 559; baseline -0.005 -18"><span class='ocrx_word' id='word_1_6' title='bbox 188 469 246 541; x_wconf 81' lang='grc' dir='ltr'><em>καὶ</em></span> <span class='ocrx_word' id='word_1_7' title='bbox 266 470 305 541; x_wconf 88' lang='grc' dir='ltr'><em>τὸ</em></span> <span class='ocrx_word' id='word_1_8' title='bbox 328 467 606 559; x_wconf 75' lang='grc' dir='ltr'><em>προοιμιάζεσθαι</em></span> <span class='ocrx_word' id='word_1_9' title='bbox 626 467 663 537; x_wconf 79' lang='grc' dir='ltr'><em>δὲ</em></span> <span class='ocrx_word' id='word_1_10' title='bbox 683 460 948 558; x_wconf 85' lang='grc' dir='ltr'><em>άμφιανακτῖζειν</em></span> <span class='ocrx_word' id='word_1_11' title='bbox 970 463 1084 555; x_wconf 71' lang='grc' dir='ltr'><em>ἔλεγον.</em></span> <span class='ocrx_word' id='word_1_12' title='bbox 1110 462 1241 549; x_wconf 80' lang='grc' dir='ltr'><strong><em>εἰκότως</em></strong></span> <span class='ocrx_word' id='word_1_13' title='bbox 1262 468 1299 537; x_wconf 78' lang='grc' dir='ltr'><em>ἀὲ</em></span> 
     </span>
     <span class='ocr_line' id='line_1_3' title="bbox 187 567 1299 662; baseline -0.003 -19"><span class='ocrx_word' id='word_1_14' title='bbox 187 574 271 662; x_wconf 84' lang='grc' dir='ltr'><em>μετὰ</em></span> <span class='ocrx_word' id='word_1_15' title='bbox 296 573 352 643; x_wconf 87' lang='grc' dir='ltr'><em>τόν</em></span> <span class='ocrx_word' id='word_1_16' title='bbox 366 571 483 641; x_wconf 89' lang='grc' dir='ltr'><em>Ἥλιον</em></span> <span class='ocrx_word' id='word_1_17' title='bbox 512 568 684 659; x_wconf 83' lang='grc' dir='ltr'><em>ἀνυμνοῦσι</em></span> <span class='ocrx_word' id='word_1_18' title='bbox 716 572 772 640; x_wconf 87' lang='grc' dir='ltr'><em>τὸν</em></span> <span class='ocrx_word' id='word_1_19' title='bbox 789 567 994 640; x_wconf 76' lang='grc' dir='ltr'><em>Ἀπόλλωνα,</em></span> <span class='ocrx_word' id='word_1_20' title='bbox 1031 568 1083 640; x_wconf 82' lang='grc' dir='ltr'><em>ὅτι</em></span> <span class='ocrx_word' id='word_1_21' title='bbox 1104 571 1141 639; x_wconf 80' lang='grc' dir='ltr'><em>δὲ</em></span> <span class='ocrx_word' id='word_1_22' title='bbox 1164 567 1299 653; x_wconf 83' lang='grc' dir='ltr'><em>όαότός</em></span> 
     </span>
     <span class='ocr_line' id='line_1_4' title="bbox 187 670 1298 766; baseline -0.002 -19"><span class='ocrx_word' id='word_1_23' title='bbox 187 679 276 748; x_wconf 79' lang='grc' dir='ltr'><em>ἐστιν</em></span> <span class='ocrx_word' id='word_1_24' title='bbox 290 676 414 758; x_wconf 87' lang='grc' dir='ltr'><em>Ἥλιος</em></span> <span class='ocrx_word' id='word_1_25' title='bbox 437 677 493 745; x_wconf 83' lang='grc' dir='ltr'><em>καὶ</em></span> <span class='ocrx_word' id='word_1_26' title='bbox 518 677 705 762; x_wconf 79' lang='grc' dir='ltr'><em>Ἀπόλλων,</em></span> <span class='ocrx_word' id='word_1_27' title='bbox 742 679 848 766; x_wconf 79' lang='grc' dir='ltr'><em>δῆλον.</em></span> <span class='ocrx_word' id='word_1_28' title='bbox 885 675 923 744; x_wconf 87' lang='grc' dir='ltr'><em>τὸ</em></span> <span class='ocrx_word' id='word_1_29' title='bbox 952 676 989 744; x_wconf 80' lang='grc' dir='ltr'><em>δὲ</em></span> <span class='ocrx_word' id='word_1_30' title='bbox 1017 670 1109 759; x_wconf 82' lang='grc' dir='ltr'><em>αότε,</em></span> <span class='ocrx_word' id='word_1_31' title='bbox 1146 671 1220 745; x_wconf 81' lang='grc' dir='ltr'><em>ἀντὶ</em></span> <span class='ocrx_word' id='word_1_32' title='bbox 1241 682 1298 745; x_wconf 84' lang='grc' dir='ltr'><em>τοὺ</em></span> 
     </span>
     <span class='ocr_line' id='line_1_5' title="bbox 186 774 1298 872; baseline -0.002 -22"><span class='ocrx_word' id='word_1_33' title='bbox 186 779 296 851; x_wconf 86' lang='grc' dir='ltr'><em>πάλιν.</em></span> <span class='ocrx_word' id='word_1_34' title='bbox 332 780 445 872; x_wconf 79' lang='grc' dir='ltr'><em>ὥσπερ</em></span> <span class='ocrx_word' id='word_1_35' title='bbox 475 781 535 872; x_wconf 86' lang='grc' dir='ltr'><em>γάρ</em></span> <span class='ocrx_word' id='word_1_36' title='bbox 555 774 791 868; x_wconf 72' lang='grc' dir='ltr'><em>ἀναλαμβάνων</em></span> <span class='ocrx_word' id='word_1_37' title='bbox 812 780 898 869; x_wconf 84' lang='grc' dir='ltr'><em>πρὸς</em></span> <span class='ocrx_word' id='word_1_38' title='bbox 925 780 963 850; x_wconf 86' lang='grc' dir='ltr'><em>τό</em></span> <span class='ocrx_word' id='word_1_39' title='bbox 986 777 1052 849; x_wconf 85' lang='grc' dir='ltr'><em>άνω</em></span> <span class='ocrx_word' id='word_1_40' title='bbox 1075 779 1162 868; x_wconf 85' lang='grc' dir='ltr'><em>λέγει</em></span> <span class='ocrx_word' id='word_1_41' title='bbox 1186 775 1298 848; x_wconf 81' lang='grc' dir='ltr'><em>1οἰντί-</em></span> 
     </span>
     <span class='ocr_line' id='line_1_6' title="bbox 187 889 360 978; baseline -0.012 -23"><span class='ocrx_word' id='word_1_42' title='bbox 187 889 360 978; x_wconf 63' lang='grc' dir='ltr'><em>στροφονῆ</em></span> 
     </span>
    </p>

    <p class='ocr_par' dir='ltr' id='par_1_3' title="bbox 183 999 1298 1513">
     <span class='ocr_line' id='line_1_7' title="bbox 275 999 1298 1097; baseline -0.003 -21"><span class='ocrx_word' id='word_1_43' title='bbox 275 1015 462 1076; x_wconf 61' lang='grc' dir='ltr'><em>ἀοῖ-626.</em></span> <span class='ocrx_word' id='word_1_44' title='bbox 507 1004 582 1097; x_wconf 75' lang='grc' dir='ltr'><em>ἡνίχ’</em></span> <span class='ocrx_word' id='word_1_45' title='bbox 604 1003 725 1093; x_wconf 74' lang='grc' dir='ltr'><em>ῆμεῖςε</em></span> <span class='ocrx_word' id='word_1_46' title='bbox 757 1007 803 1075; x_wconf 88' lang='grc' dir='ltr'><em>Τὸ</em></span> <span class='ocrx_word' id='word_1_47' title='bbox 824 999 1047 1096; x_wconf 87' lang='grc' dir='ltr'><em>άντεπῖρρημα</em></span> <span class='ocrx_word' id='word_1_48' title='bbox 1069 1011 1164 1074; x_wconf 86' lang='grc' dir='ltr'><em>τοῖπο</em></span> <span class='ocrx_word' id='word_1_49' title='bbox 1186 1004 1298 1091; x_wconf 83' lang='grc' dir='ltr'><em>ὅμοιόν</em></span> 
     </span>
     <span class='ocr_line' id='line_1_8' title="bbox 187 1107 1296 1202; baseline 0 -22"><span class='ocrx_word' id='word_1_50' title='bbox 187 1113 258 1181; x_wconf 81' lang='grc' dir='ltr'><em>ἐστι</em></span> <span class='ocrx_word' id='word_1_51' title='bbox 277 1116 325 1202; x_wconf 78' lang='grc' dir='ltr'><em>τρῖ</em></span> <span class='ocrx_word' id='word_1_52' title='bbox 345 1108 550 1202; x_wconf 78' lang='grc' dir='ltr'><em>ἐπιρρήματι.</em></span> <span class='ocrx_word' id='word_1_53' title='bbox 576 1111 649 1199; x_wconf 67' lang='lat' dir='ltr'><em>[nal</em></span> <span class='ocrx_word' id='word_1_54' title='bbox 671 1115 765 1180; x_wconf 81' lang='grc' dir='ltr'><em>τοῦτο</em></span> <span class='ocrx_word' id='word_1_55' title='bbox 786 1110 846 1201; x_wconf 87' lang='grc' dir='ltr'><em>γὰρ</em></span> <span class='ocrx_word' id='word_1_56' title='bbox 877 1110 913 1179; x_wconf 80' lang='grc' dir='ltr'><em>ἐκ</em></span> <span class='ocrx_word' id='word_1_57' title='bbox 935 1107 1052 1194; x_wconf 86' lang='grc' dir='ltr'><em>στίχων</em></span> <span class='ocrx_word' id='word_1_58' title='bbox 1073 1110 1145 1179; x_wconf 80' lang='grc' dir='ltr'><em>ἐστὶ</em></span> <span class='ocrx_word' id='word_1_59' title='bbox 1166 1115 1296 1201; x_wconf 84' lang='grc' dir='ltr'><em>τροχαῖ-</em></span> 
     </span>
     <span class='ocr_line' id='line_1_9' title="bbox 184 1211 1296 1306; baseline -0.001 -22"><span class='ocrx_word' id='word_1_60' title='bbox 184 1222 252 1285; x_wconf 86' lang='grc' dir='ltr'><em>κῶν</em></span> <span class='ocrx_word' id='word_1_61' title='bbox 280 1214 500 1306; x_wconf 77' lang='grc' dir='ltr'><em>τετραμέτρου</em></span> <span class='ocrx_word' id='word_1_62' title='bbox 535 1218 777 1306; x_wconf 84' lang='grc' dir='ltr'><em>καταληκτικοῖν</em></span> <span class='ocrx_word' id='word_1_63' title='bbox 807 1211 921 1284; x_wconf 80' lang='grc' dir='ltr'><em>εἴκοσι.</em></span> <span class='ocrx_word' id='word_1_64' title='bbox 962 1214 1107 1282; x_wconf 79' lang='grc' dir='ltr'><em>ἐνταῦθα</em></span> <span class='ocrx_word' id='word_1_65' title='bbox 1134 1214 1246 1300; x_wconf 83' lang='grc' dir='ltr'><em>μέντοι</em></span> <span class='ocrx_word' id='word_1_66' title='bbox 1277 1213 1296 1283; x_wconf 78' lang='grc' dir='ltr'><strong><em>ὅ</em></strong></span> 
     </span>
     <span class='ocr_line' id='line_1_10' title="bbox 183 1316 1297 1411; baseline -0.003 -22"><span class='ocrx_word' id='word_1_67' title='bbox 183 1320 244 1389; x_wconf 78' lang='grc' dir='ltr'><em>ἐπὶ</em></span> <span class='ocrx_word' id='word_1_68' title='bbox 273 1327 332 1411; x_wconf 83' lang='grc' dir='ltr'><em>τῆς</em></span> <span class='ocrx_word' id='word_1_69' title='bbox 358 1318 512 1410; x_wconf 78' lang='grc' dir='ltr'><em>τετάρτης</em></span> <span class='ocrx_word' id='word_1_70' title='bbox 543 1316 650 1410; x_wconf 82' lang='grc' dir='ltr'><em>χώρας</em></span> <span class='ocrx_word' id='word_1_71' title='bbox 685 1316 806 1407; x_wconf 74' lang='grc' dir='ltr'><em>ἴαμβος</em></span> <span class='ocrx_word' id='word_1_72' title='bbox 841 1318 998 1401; x_wconf 78' lang='grc' dir='ltr'><em>ἐξέλιπεν.</em></span> <span class='ocrx_word' id='word_1_73' title='bbox 1040 1316 1099 1387; x_wconf 80' lang='grc' dir='ltr'><em>ἐπὶ</em></span> <span class='ocrx_word' id='word_1_74' title='bbox 1129 1326 1176 1408; x_wconf 82' lang='grc' dir='ltr'><em>τῷ</em></span> <span class='ocrx_word' id='word_1_75' title='bbox 1211 1318 1297 1387; x_wconf 83' lang='grc' dir='ltr'><em>τέλει</em></span> 
     </span>
     <span class='ocr_line' id='line_1_11' title="bbox 183 1423 583 1513; baseline -0.005 -21"><span class='ocrx_word' id='word_1_76' title='bbox 183 1426 287 1513; x_wconf 82' lang='grc' dir='ltr'><em>διπλῆ</em></span> <span class='ocrx_word' id='word_1_77' title='bbox 310 1423 372 1506; x_wconf 68' lang='grc' dir='ltr'><em>ἐξω</em></span> <span class='ocrx_word' id='word_1_78' title='bbox 394 1427 583 1513; x_wconf 64' lang='grc' dir='ltr'><em>νενευκυῖα]</em></span> 
     </span>
    </p>

    <p class='ocr_par' dir='ltr' id='par_1_4' title="bbox 179 1534 1296 1736">
     <span class='ocr_line' id='line_1_12' title="bbox 272 1534 1296 1632; baseline 0.001 -24"><span class='ocrx_word' id='word_1_79' title='bbox 272 1551 334 1611; x_wconf 81' lang='grc'><em>627</em></span> <span class='ocrx_word' id='word_1_80' title='bbox 348 1582 384 1592; x_wconf 90' lang='grc'>-</span> <span class='ocrx_word' id='word_1_81' title='bbox 397 1551 468 1610; x_wconf 86' lang='grc'><em>699.</em></span> <span class='ocrx_word' id='word_1_82' title='bbox 520 1541 567 1626; x_wconf 87' lang='grc' dir='ltr'><em>μὰ</em></span> <span class='ocrx_word' id='word_1_83' title='bbox 593 1541 649 1631; x_wconf 79' lang='grc' dir='ltr'><em>τῆν</em></span> <span class='ocrx_word' id='word_1_84' title='bbox 676 1534 862 1631; x_wconf 74' lang='grc' dir='ltr'><em>άναπνοήντ</em></span> <span class='ocrx_word' id='word_1_85' title='bbox 895 1538 1206 1632; x_wconf 81' lang='grc' dir='ltr'><em>[[Ὑπσχωρήσαντος</em></span> <span class='ocrx_word' id='word_1_86' title='bbox 1235 1547 1296 1609; x_wconf 81' lang='grc' dir='ltr'><em>τοῦ</em></span> 
     </span>
     <span class='ocr_line' id='line_1_13' title="bbox 179 1639 1296 1736; baseline -0.002 -22"><span class='ocrx_word' id='word_1_87' title='bbox 179 1649 279 1734; x_wconf 81' lang='grc' dir='ltr'><em>χοροῦ</em></span> <span class='ocrx_word' id='word_1_88' title='bbox 311 1642 452 1713; x_wconf 84' lang='grc' dir='ltr'><em>εἰσίασιν</em></span> <span class='ocrx_word' id='word_1_89' title='bbox 480 1641 579 1726; x_wconf 82' lang='grc' dir='ltr'><em>αὖθις</em></span> <span class='ocrx_word' id='word_1_90' title='bbox 607 1642 639 1712; x_wconf 84' lang='grc' dir='ltr'><em>οῖ</em></span> <span class='ocrx_word' id='word_1_91' title='bbox 667 1642 851 1735; x_wconf 85' lang='grc' dir='ltr'><em>ὑποκριταί.</em></span> <span class='ocrx_word' id='word_1_92' title='bbox 893 1642 982 1713; x_wconf 73' lang='grc' dir='ltr'><em>ἐστιν</em></span> <span class='ocrx_word' id='word_1_93' title='bbox 1010 1639 1066 1712; x_wconf 79' lang='grc' dir='ltr'><em>οὖν</em></span> <span class='ocrx_word' id='word_1_94' title='bbox 1095 1643 1116 1735; x_wconf 81' lang='grc' dir='ltr'>ἡ</span> <span class='ocrx_word' id='word_1_95' title='bbox 1143 1651 1296 1736; x_wconf 84' lang='grc' dir='ltr'><em>παροῦσα</em></span> 
     </span>
    </p>
   </div>
   <div class='ocr_carea' id='block_1_3' title="bbox 177 1843 1297 3730">
    <p class='ocr_par' dir='ltr' id='par_1_5' title="bbox 177 1843 1297 3730">
     <span class='ocr_line' id='line_1_14' title="bbox 271 1843 1296 1919; baseline -0.001 -18"><span class='ocrx_word' id='word_1_96' title='bbox 271 1847 287 1901; x_wconf 95' lang='grc'>1</span> <span class='ocrx_word' id='word_1_97' title='bbox 306 1843 491 1919; x_wconf 82' lang='grc' dir='ltr'><em>ἀντίστροφος</em></span> <span class='ocrx_word' id='word_1_98' title='bbox 502 1844 535 1898; x_wconf 88' lang='lat' dir='ltr'><em>V.</em></span> <span class='ocrx_word' id='word_1_99' title='bbox 553 1845 702 1914; x_wconf 77' lang='lat' dir='ltr'><strong>sequuntur</strong></span> <span class='ocrx_word' id='word_1_100' title='bbox 721 1844 837 1899; x_wconf 82' lang='lat' dir='ltr'><strong>aliorum</strong></span> <span class='ocrx_word' id='word_1_101' title='bbox 852 1843 1089 1914; x_wconf 75' lang='lat' dir='ltr'><strong>grammaticorum</strong></span> <span class='ocrx_word' id='word_1_102' title='bbox 1108 1844 1296 1901; x_wconf 77' lang='lat' dir='ltr'><strong>annotationes</strong></span> 
     </span>
     <span class='ocr_line' id='line_1_15' title="bbox 182 1929 1297 2007; baseline -0.001 -21"><span class='ocrx_word' id='word_1_103' title='bbox 182 1930 268 1987; x_wconf 84' lang='lat' dir='ltr'>duae:</span> <span class='ocrx_word' id='word_1_104' title='bbox 306 1931 427 2004; x_wconf 77' lang='grc' dir='ltr'><em>(ἔφαμεν</em></span> <span class='ocrx_word' id='word_1_105' title='bbox 453 1929 508 2006; x_wconf 81' lang='grc' dir='ltr'><em>γάρ</em></span> <span class='ocrx_word' id='word_1_106' title='bbox 534 1932 564 1986; x_wconf 85' lang='grc' dir='ltr'><em>ἐν</em></span> <span class='ocrx_word' id='word_1_107' title='bbox 588 1936 646 1990; x_wconf 86' lang='grc' dir='ltr'><em>τοῖς</em></span> <span class='ocrx_word' id='word_1_108' title='bbox 665 1937 794 2005; x_wconf 84' lang='grc' dir='ltr'><em>χορικοῖς</em></span> <span class='ocrx_word' id='word_1_109' title='bbox 817 1936 951 2000; x_wconf 90' lang='grc' dir='ltr'><em>γίνεσθαι</em></span> <span class='ocrx_word' id='word_1_110' title='bbox 975 1929 1165 2007; x_wconf 87' lang='grc' dir='ltr'><em>τάςστροφάς</em></span> <span class='ocrx_word' id='word_1_111' title='bbox 1183 1932 1297 1992; x_wconf 82' lang='grc' dir='ltr'><em>καὶτὰς</em></span> 
     </span>
     <span class='ocr_line' id='line_1_16' title="bbox 181 2014 1296 2093; baseline 0.004 -23"><span class='ocrx_word' id='word_1_112' title='bbox 181 2015 407 2089; x_wconf 70' lang='grc' dir='ltr'><em>’ἀντιστρόφους</em></span> <span class='ocrx_word' id='word_1_113' title='bbox 423 2020 470 2069; x_wconf 84' lang='grc' dir='ltr'><em>καὶ</em></span> <span class='ocrx_word' id='word_1_114' title='bbox 489 2014 538 2076; x_wconf 88' lang='grc' dir='ltr'><em>τάς</em></span> <span class='ocrx_word' id='word_1_115' title='bbox 556 2014 693 2086; x_wconf 80' lang='grc' dir='ltr'><em>ἐπῳδούς,</em></span> <span class='ocrx_word' id='word_1_116' title='bbox 714 2014 732 2069; x_wconf 86' lang='grc' dir='ltr'><em>ά</em></span> <span class='ocrx_word' id='word_1_117' title='bbox 749 2034 824 2077; x_wconf 90' lang='grc' dir='ltr'><em>τινες</em></span> <span class='ocrx_word' id='word_1_118' title='bbox 841 2018 976 2072; x_wconf 84' lang='grc' dir='ltr'><em>καλοῦσιν</em></span> <span class='ocrx_word' id='word_1_119' title='bbox 993 2015 1176 2093; x_wconf 69' lang='grc' dir='ltr'><em>ἐπιρρήματα.</em></span> <span class='ocrx_word' id='word_1_120' title='bbox 1204 2016 1296 2075; x_wconf 52' lang='grc' dir='ltr'><em>ὓκάν-</em></span> 
     </span>
     <span class='ocr_line' id='line_1_17' title="bbox 182 2098 1293 2179; baseline 0.003 -22"><span class='ocrx_word' id='word_1_121' title='bbox 182 2107 274 2157; x_wconf 83' lang='grc' dir='ltr'><em>ταῦθα</em></span> <span class='ocrx_word' id='word_1_122' title='bbox 292 2098 342 2156; x_wconf 85' lang='grc' dir='ltr'><em>οὑν</em></span> <span class='ocrx_word' id='word_1_123' title='bbox 358 2100 409 2169; x_wconf 88' lang='grc' dir='ltr'><em>τῆν</em></span> <span class='ocrx_word' id='word_1_124' title='bbox 427 2102 617 2178; x_wconf 87' lang='grc' dir='ltr'><em>ἀντίστροφον</em></span> <span class='ocrx_word' id='word_1_125' title='bbox 634 2099 777 2173; x_wconf 82' lang='grc' dir='ltr'><em>ἐπήγαγεν</em></span> <span class='ocrx_word' id='word_1_126' title='bbox 796 2099 811 2155; x_wconf 89' lang='grc' dir='ltr'><em>ὑ</em></span> <span class='ocrx_word' id='word_1_127' title='bbox 829 2098 959 2171; x_wconf 76' lang='grc' dir='ltr'><em>ποιητῆς,</em></span> <span class='ocrx_word' id='word_1_128' title='bbox 979 2103 1074 2177; x_wconf 77' lang='grc' dir='ltr'><em>ὥσπερ</em></span> <span class='ocrx_word' id='word_1_129' title='bbox 1094 2103 1293 2179; x_wconf 70' lang='grc' dir='ltr'><em>οἀναστρέφων</em></span> 
     </span>
     <span class='ocr_line' id='line_1_18' title="bbox 180 2188 1294 2264; baseline 0.002 -21"><span class='ocrx_word' id='word_1_130' title='bbox 180 2189 231 2244; x_wconf 81' lang='grc' dir='ltr'><em>ἐπὶ</em></span> <span class='ocrx_word' id='word_1_131' title='bbox 247 2188 278 2243; x_wconf 89' lang='grc' dir='ltr'><em>τὸ</em></span> <span class='ocrx_word' id='word_1_132' title='bbox 297 2190 327 2251; x_wconf 85' lang='grc' dir='ltr'><em>ἐξ</em></span> <span class='ocrx_word' id='word_1_133' title='bbox 343 2188 428 2264; x_wconf 89' lang='grc' dir='ltr'><em>ἀρχῆς</em></span> <span class='ocrx_word' id='word_1_134' title='bbox 445 2192 544 2261; x_wconf 89' lang='grc' dir='ltr'><em>μέλος,</em></span> <span class='ocrx_word' id='word_1_135' title='bbox 564 2189 689 2261; x_wconf 84' lang='grc' dir='ltr'><em>ὅθενπερ</em></span> <span class='ocrx_word' id='word_1_136' title='bbox 711 2188 845 2264; x_wconf 73' lang='grc' dir='ltr'><em>ἐξετράπη</em></span> <span class='ocrx_word' id='word_1_137' title='bbox 866 2193 905 2251; x_wconf 77' lang='grc' dir='ltr'><em>εἰς</em></span> <span class='ocrx_word' id='word_1_138' title='bbox 920 2188 951 2244; x_wconf 88' lang='grc' dir='ltr'><em>τὸ</em></span> <span class='ocrx_word' id='word_1_139' title='bbox 969 2190 1118 2264; x_wconf 84' lang='grc' dir='ltr'><em>ἐπίρρημα.</em></span> <span class='ocrx_word' id='word_1_140' title='bbox 1136 2188 1294 2263; x_wconf 86' lang='grc' dir='ltr'><em>ἀρξάμενος</em></span> 
     </span>
     <span class='ocr_line' id='line_1_19' title="bbox 180 2273 1294 2351; baseline 0.003 -21"><span class='ocrx_word' id='word_1_141' title='bbox 180 2276 239 2349; x_wconf 85' lang='grc' dir='ltr'><em>γὰρ</em></span> <span class='ocrx_word' id='word_1_142' title='bbox 255 2275 358 2348; x_wconf 83' lang='grc' dir='ltr'><em>ὑμνεῖν</em></span> <span class='ocrx_word' id='word_1_143' title='bbox 375 2274 438 2334; x_wconf 87' lang='grc' dir='ltr'><em>τοὺς</em></span> <span class='ocrx_word' id='word_1_144' title='bbox 454 2273 539 2336; x_wconf 81' lang='grc' dir='ltr'><em>θεοὺς</em></span> <span class='ocrx_word' id='word_1_145' title='bbox 549 2278 597 2328; x_wconf 90' lang='grc' dir='ltr'><em>καὶ</em></span> <span class='ocrx_word' id='word_1_146' title='bbox 610 2273 844 2350; x_wconf 86' lang='grc' dir='ltr'><em>παραγενόμενος</em></span> <span class='ocrx_word' id='word_1_147' title='bbox 855 2279 938 2351; x_wconf 89' lang='grc' dir='ltr'><em>μέχρι</em></span> <span class='ocrx_word' id='word_1_148' title='bbox 951 2275 1022 2329; x_wconf 63' lang='grc' dir='ltr'><em>ἐτοῦ</em></span> <span class='ocrx_word' id='word_1_149' title='bbox 1039 2275 1150 2341; x_wconf 87' lang='grc' dir='ltr'><em>Ἡλίου,</em></span> <span class='ocrx_word' id='word_1_150' title='bbox 1168 2274 1294 2347; x_wconf 81' lang='grc' dir='ltr'><em>ἐπήγαγε</em></span> 
     </span>
     <span class='ocr_line' id='line_1_20' title="bbox 180 2358 1293 2435; baseline 0 -19"><span class='ocrx_word' id='word_1_151' title='bbox 180 2361 232 2430; x_wconf 81' lang='grc' dir='ltr'><em>τὴν</em></span> <span class='ocrx_word' id='word_1_152' title='bbox 250 2358 400 2434; x_wconf 85' lang='grc' dir='ltr'><em>ἐκτροπήν,</em></span> <span class='ocrx_word' id='word_1_153' title='bbox 419 2366 547 2416; x_wconf 77' lang='grc' dir='ltr'><em>τουτέστι</em></span> <span class='ocrx_word' id='word_1_154' title='bbox 564 2360 596 2415; x_wconf 89' lang='grc' dir='ltr'><em>τὸ</em></span> <span class='ocrx_word' id='word_1_155' title='bbox 617 2363 767 2432; x_wconf 77' lang='grc' dir='ltr'><em>ἐπίρρημα.</em></span> <span class='ocrx_word' id='word_1_156' title='bbox 796 2360 854 2416; x_wconf 88' lang='grc' dir='ltr'><em>άπὸ</em></span> <span class='ocrx_word' id='word_1_157' title='bbox 875 2368 926 2416; x_wconf 64' lang='grc' dir='ltr'><em>τοι·</em></span> <span class='ocrx_word' id='word_1_158' title='bbox 942 2361 987 2428; x_wconf 64' lang='lat' dir='ltr'><em>„d</em></span> <span class='ocrx_word' id='word_1_159' title='bbox 1007 2359 1165 2435; x_wconf 84' lang='grc' dir='ltr'><em>σοφώτατοι</em></span> <span class='ocrx_word' id='word_1_160' title='bbox 1185 2368 1293 2429; x_wconf 87' lang='grc' dir='ltr'><em>θεαταί,</em></span> 
     </span>
     <span class='ocr_line' id='line_1_21' title="bbox 181 2436 1294 2523; baseline -0.001 -20"><span class='ocrx_word' id='word_1_161' title='bbox 181 2449 283 2523; x_wconf 80' lang='grc' dir='ltr'><em>οἀεὺρο</em></span> <span class='ocrx_word' id='word_1_162' title='bbox 304 2446 356 2504; x_wconf 86' lang='grc' dir='ltr'><em>τὸν</em></span> <span class='ocrx_word' id='word_1_163' title='bbox 376 2436 444 2505; x_wconf 79' lang='grc' dir='ltr'><em>νοεῖν</em></span> <span class='ocrx_word' id='word_1_164' title='bbox 462 2452 644 2523; x_wconf 81' lang='grc' dir='ltr'><em>προσέχετε.“</em></span> <span class='ocrx_word' id='word_1_165' title='bbox 672 2446 735 2502; x_wconf 76' lang='grc' dir='ltr'><em>οὕτε</em></span> <span class='ocrx_word' id='word_1_166' title='bbox 760 2446 816 2523; x_wconf 90' lang='grc' dir='ltr'><em>γάρ</em></span> <span class='ocrx_word' id='word_1_167' title='bbox 837 2446 853 2515; x_wconf 86' lang='grc' dir='ltr'>ἡ</span> <span class='ocrx_word' id='word_1_168' title='bbox 873 2446 987 2505; x_wconf 74' lang='grc' dir='ltr'><em>διάνοια</em></span> <span class='ocrx_word' id='word_1_169' title='bbox 1004 2455 1064 2510; x_wconf 89' lang='grc' dir='ltr'><em>τοῖς</em></span> <span class='ocrx_word' id='word_1_170' title='bbox 1081 2455 1294 2523; x_wconf 83' lang='grc' dir='ltr'><em>προειρημένοις</em></span> 
     </span>
     <span class='ocr_line' id='line_1_22' title="bbox 181 2532 1294 2611; baseline 0.003 -21"><span class='ocrx_word' id='word_1_171' title='bbox 181 2533 336 2596; x_wconf 88' lang='grc' dir='ltr'><em>ἀκόλουθος</em></span> <span class='ocrx_word' id='word_1_172' title='bbox 351 2533 413 2588; x_wconf 76' lang='grc' dir='ltr'><em>οὔτε</em></span> <span class='ocrx_word' id='word_1_173' title='bbox 431 2533 463 2588; x_wconf 87' lang='grc' dir='ltr'><em>τὸ</em></span> <span class='ocrx_word' id='word_1_174' title='bbox 482 2538 588 2609; x_wconf 90' lang='grc' dir='ltr'><em>μέτρον</em></span> <span class='ocrx_word' id='word_1_175' title='bbox 605 2540 657 2589; x_wconf 84' lang='grc' dir='ltr'><em>τοῦ</em></span> <span class='ocrx_word' id='word_1_176' title='bbox 675 2533 771 2605; x_wconf 90' lang='grc' dir='ltr'><em>λόγου.</em></span> <span class='ocrx_word' id='word_1_177' title='bbox 789 2532 877 2592; x_wconf 89' lang='grc' dir='ltr'><em>πάλιν</em></span> <span class='ocrx_word' id='word_1_178' title='bbox 897 2532 948 2592; x_wconf 82' lang='grc' dir='ltr'><em>οὖν</em></span> <span class='ocrx_word' id='word_1_179' title='bbox 966 2536 1162 2611; x_wconf 85' lang='grc' dir='ltr'><em>ἐπανατρέχων</em></span> <span class='ocrx_word' id='word_1_180' title='bbox 1181 2538 1230 2590; x_wconf 84' lang='grc' dir='ltr'><em>ἐπὶ</em></span> <span class='ocrx_word' id='word_1_181' title='bbox 1244 2535 1294 2593; x_wconf 88' lang='grc' dir='ltr'><em>τὸν</em></span> 
     </span>
     <span class='ocr_line' id='line_1_23' title="bbox 181 2620 1292 2696; baseline 0.002 -21"><span class='ocrx_word' id='word_1_182' title='bbox 181 2620 286 2692; x_wconf 82' lang='grc' dir='ltr'><em>ὕμνον,</em></span> <span class='ocrx_word' id='word_1_183' title='bbox 316 2625 349 2695; x_wconf 80' lang='grc' dir='ltr'><em>τῆ</em></span> <span class='ocrx_word' id='word_1_184' title='bbox 374 2625 430 2675; x_wconf 82' lang='grc' dir='ltr'><em>τῶν</em></span> <span class='ocrx_word' id='word_1_185' title='bbox 456 2625 532 2676; x_wconf 84' lang='grc' dir='ltr'><em>θεῶν</em></span> <span class='ocrx_word' id='word_1_186' title='bbox 550 2621 659 2696; x_wconf 73' lang='grc' dir='ltr'><em>’χρῆται</em></span> <span class='ocrx_word' id='word_1_187' title='bbox 677 2621 887 2696; x_wconf 81' lang='grc' dir='ltr'><em>ἐπαναστροφῆ.</em></span> <span class='ocrx_word' id='word_1_188' title='bbox 922 2626 948 2674; x_wconf 77' lang='grc' dir='ltr'><em>εἰ</em></span> <span class='ocrx_word' id='word_1_189' title='bbox 972 2621 1023 2679; x_wconf 86' lang='grc' dir='ltr'><em>οὑν</em></span> <span class='ocrx_word' id='word_1_190' title='bbox 1044 2643 1086 2683; x_wconf 91' lang='grc' dir='ltr'><em>τις</em></span> <span class='ocrx_word' id='word_1_191' title='bbox 1112 2622 1147 2676; x_wconf 83' lang='grc' dir='ltr'><em>τὰ</em></span> <span class='ocrx_word' id='word_1_192' title='bbox 1166 2624 1292 2694; x_wconf 81' lang='grc' dir='ltr'><em>ἐνμέσῳ</em></span> 
     </span>
     <span class='ocr_line' id='line_1_24' title="bbox 181 2703 1294 2780; baseline 0.002 -19"><span class='ocrx_word' id='word_1_193' title='bbox 181 2706 295 2762; x_wconf 78' lang='grc' dir='ltr'><em>ἅπαντα</em></span> <span class='ocrx_word' id='word_1_194' title='bbox 311 2703 425 2779; x_wconf 74' lang='grc' dir='ltr'><em>ὑφελὼν</em></span> <span class='ocrx_word' id='word_1_195' title='bbox 441 2708 489 2760; x_wconf 85' lang='grc' dir='ltr'><em>ἐπὶ</em></span> <span class='ocrx_word' id='word_1_196' title='bbox 511 2711 597 2761; x_wconf 82' lang='grc' dir='ltr'><em>ταῦτα</em></span> <span class='ocrx_word' id='word_1_197' title='bbox 612 2708 711 2773; x_wconf 78' lang='grc' dir='ltr'><em>ἔλθοι,</em></span> <span class='ocrx_word' id='word_1_198' title='bbox 732 2705 817 2763; x_wconf 77' lang='grc' dir='ltr'><em>οὐθὲν</em></span> <span class='ocrx_word' id='word_1_199' title='bbox 836 2706 873 2765; x_wconf 79' lang='grc' dir='ltr'><em>ἀν</em></span> <span class='ocrx_word' id='word_1_200' title='bbox 891 2705 955 2762; x_wconf 72' lang='grc' dir='ltr'><em>οὔτε</em></span> <span class='ocrx_word' id='word_1_201' title='bbox 978 2709 993 2762; x_wconf 90' lang='grc' dir='ltr'>ὁ</span> <span class='ocrx_word' id='word_1_202' title='bbox 1012 2709 1095 2780; x_wconf 88' lang='grc' dir='ltr'><em>λόγος</em></span> <span class='ocrx_word' id='word_1_203' title='bbox 1117 2708 1182 2763; x_wconf 83' lang='grc' dir='ltr'><em>οὑτε</em></span> <span class='ocrx_word' id='word_1_204' title='bbox 1200 2710 1294 2769; x_wconf 85' lang='grc' dir='ltr'><em>ὁνοιῖς</em></span> 
     </span>
     <span class='ocr_line' id='line_1_25' title="bbox 180 2790 1290 2866; baseline 0.004 -20"><span class='ocrx_word' id='word_1_205' title='bbox 180 2790 386 2860; x_wconf 79' lang='grc' dir='ltr'><em>ἐπιζητήσειεν,</em></span> <span class='ocrx_word' id='word_1_206' title='bbox 416 2790 485 2845; x_wconf 86' lang='grc' dir='ltr'><em>ἀλλά</em></span> <span class='ocrx_word' id='word_1_207' title='bbox 510 2796 620 2864; x_wconf 78' lang='grc' dir='ltr'><em>μᾶλλον</em></span> <span class='ocrx_word' id='word_1_208' title='bbox 650 2794 686 2861; x_wconf 63' lang='lat' dir='ltr'><em>fvj</em></span> <span class='ocrx_word' id='word_1_209' title='bbox 710 2794 864 2848; x_wconf 87' lang='grc' dir='ltr'><em>ἀκολουθία</em></span> <span class='ocrx_word' id='word_1_210' title='bbox 887 2793 959 2848; x_wconf 86' lang='grc' dir='ltr'><em>οὑτω</em></span> <span class='ocrx_word' id='word_1_211' title='bbox 984 2793 1164 2866; x_wconf 83' lang='grc' dir='ltr'><em>φυλάττοιτο,</em></span> <span class='ocrx_word' id='word_1_212' title='bbox 1196 2792 1245 2850; x_wconf 91' lang='grc' dir='ltr'><em>τόν</em></span> <span class='ocrx_word' id='word_1_213' title='bbox 1263 2797 1290 2849; x_wconf 82' lang='grc' dir='ltr'><em>θ’</em></span> 
     </span>
     <span class='ocr_line' id='line_1_26' title="bbox 179 2876 1293 2954; baseline 0.004 -22"><span class='ocrx_word' id='word_1_214' title='bbox 179 2885 195 2921; x_wconf 82' lang='lat'><strong>⁸</strong></span> <span class='ocrx_word' id='word_1_215' title='bbox 202 2876 393 2953; x_wconf 80' lang='grc' dir='ltr'><em>ἱππονώμαν,</em></span> <span class='ocrx_word' id='word_1_216' title='bbox 423 2877 454 2938; x_wconf 81' lang='grc' dir='ltr'><em>ὑς</em></span> <span class='ocrx_word' id='word_1_217' title='bbox 479 2876 694 2954; x_wconf 86' lang='grc' dir='ltr'><em>ὑπερλάμπροις</em></span> <span class='ocrx_word' id='word_1_218' title='bbox 713 2879 820 2945; x_wconf 89' lang='grc' dir='ltr'><em>ἀκτῖσι,</em></span> <span class='ocrx_word' id='word_1_219' title='bbox 847 2883 894 2934; x_wconf 83' lang='grc' dir='ltr'><em>καὶ</em></span> <span class='ocrx_word' id='word_1_220' title='bbox 910 2880 944 2934; x_wconf 88' lang='grc' dir='ltr'><em>τά</em></span> <span class='ocrx_word' id='word_1_221' title='bbox 962 2880 1034 2948; x_wconf 84' lang='grc' dir='ltr'><em>ἑξῆς,</em></span> <span class='ocrx_word' id='word_1_222' title='bbox 1062 2881 1141 2954; x_wconf 86' lang='grc' dir='ltr'><em>ἀμφί</em></span> <span class='ocrx_word' id='word_1_223' title='bbox 1156 2902 1209 2953; x_wconf 91' lang='grc' dir='ltr'><em>μοι</em></span> <span class='ocrx_word' id='word_1_224' title='bbox 1227 2881 1293 2938; x_wconf 81' lang='grc' dir='ltr'><em>αὖτε</em></span> 
     </span>
     <span class='ocr_line' id='line_1_27' title="bbox 183 2962 1293 3039; baseline 0.002 -18"><span class='ocrx_word' id='word_1_225' title='bbox 183 2963 263 3034; x_wconf 75' lang='grc' dir='ltr'><em>Φοῖβ’</em></span> <span class='ocrx_word' id='word_1_226' title='bbox 272 2965 287 2999; x_wconf 84' lang='lat'><em>¹¹</em></span> <span class='ocrx_word' id='word_1_227' title='bbox 305 2962 384 3026; x_wconf 84' lang='grc' dir='ltr'><em>άναξ.</em></span> <span class='ocrx_word' id='word_1_228' title='bbox 403 2967 490 3036; x_wconf 83' lang='grc' dir='ltr'><em>φησὶν</em></span> <span class='ocrx_word' id='word_1_229' title='bbox 508 2963 573 3029; x_wconf 83' lang='grc' dir='ltr'><em>οὖν,</em></span> <span class='ocrx_word' id='word_1_230' title='bbox 600 2963 670 3019; x_wconf 89' lang='grc' dir='ltr'><em>ἀλλά</em></span> <span class='ocrx_word' id='word_1_231' title='bbox 688 2982 742 3020; x_wconf 91' lang='grc' dir='ltr'><em>σου</em></span> <span class='ocrx_word' id='word_1_232' title='bbox 760 2963 863 3032; x_wconf 85' lang='grc' dir='ltr'><em>πάλιν,</em></span> <span class='ocrx_word' id='word_1_233' title='bbox 895 2963 1085 3036; x_wconf 71' lang='grc' dir='ltr'><em>ὑἌπυλλον,</em></span> <span class='ocrx_word' id='word_1_234' title='bbox 1106 2967 1218 3039; x_wconf 78' lang='grc' dir='ltr'><em>ἕξομαι,</em></span> <span class='ocrx_word' id='word_1_235' title='bbox 1245 2974 1293 3023; x_wconf 84' lang='grc' dir='ltr'><em>καὶ</em></span> 
     </span>
     <span class='ocr_line' id='line_1_28' title="bbox 179 3048 1293 3125; baseline 0.003 -19"><span class='ocrx_word' id='word_1_236' title='bbox 179 3058 238 3108; x_wconf 81' lang='grc' dir='ltr'><em>τῶν</em></span> <span class='ocrx_word' id='word_1_237' title='bbox 257 3057 317 3107; x_wconf 84' lang='grc' dir='ltr'><em>σῶν</em></span> <span class='ocrx_word' id='word_1_238' title='bbox 334 3051 465 3107; x_wconf 85' lang='grc' dir='ltr'><em>ἐπαίνων.</em></span> <span class='ocrx_word' id='word_1_239' title='bbox 502 3050 535 3104; x_wconf 85' lang='grc' dir='ltr'><em>οὐ</em></span> <span class='ocrx_word' id='word_1_240' title='bbox 551 3048 609 3121; x_wconf 86' lang='grc' dir='ltr'><em>μῆν</em></span> <span class='ocrx_word' id='word_1_241' title='bbox 627 3051 721 3112; x_wconf 77' lang='grc' dir='ltr'><em>ἁπλοῖς</em></span> <span class='ocrx_word' id='word_1_242' title='bbox 738 3052 788 3105; x_wconf 82' lang='grc' dir='ltr'><em>ἐπὶ</em></span> <span class='ocrx_word' id='word_1_243' title='bbox 804 3050 856 3121; x_wconf 83' lang='grc' dir='ltr'><em>τὴν</em></span> <span class='ocrx_word' id='word_1_244' title='bbox 874 3052 1063 3125; x_wconf 86' lang='grc' dir='ltr'><em>ἀντίστροφον</em></span> <span class='ocrx_word' id='word_1_245' title='bbox 1082 3052 1191 3122; x_wconf 81' lang='grc' dir='ltr'><em>ἐλθών,</em></span> <span class='ocrx_word' id='word_1_246' title='bbox 1223 3060 1293 3109; x_wconf 85' lang='grc' dir='ltr'><em>θεοῖ</em></span> 
     </span>
     <span class='ocr_line' id='line_1_29' title="bbox 179 3134 1293 3213; baseline 0.003 -21"><span class='ocrx_word' id='word_1_247' title='bbox 179 3157 255 3198; x_wconf 90' lang='grc' dir='ltr'><em>τινος</em></span> <span class='ocrx_word' id='word_1_248' title='bbox 271 3134 495 3210; x_wconf 84' lang='grc' dir='ltr'><em>ἐμνημόνευσεν,</em></span> <span class='ocrx_word' id='word_1_249' title='bbox 514 3136 583 3191; x_wconf 90' lang='grc' dir='ltr'><em>ἀλλά</em></span> <span class='ocrx_word' id='word_1_250' title='bbox 601 3135 672 3207; x_wconf 85' lang='grc' dir='ltr'><em>μετά</em></span> <span class='ocrx_word' id='word_1_251' title='bbox 690 3135 740 3194; x_wconf 88' lang='grc' dir='ltr'><em>τὸν</em></span> <span class='ocrx_word' id='word_1_252' title='bbox 753 3135 855 3194; x_wconf 88' lang='grc' dir='ltr'><em>Ἥλιον</em></span> <span class='ocrx_word' id='word_1_253' title='bbox 872 3138 931 3203; x_wconf 88' lang='grc' dir='ltr'><em>ἑξῆς</em></span> <span class='ocrx_word' id='word_1_254' title='bbox 947 3136 997 3194; x_wconf 89' lang='grc' dir='ltr'><em>τὸν</em></span> <span class='ocrx_word' id='word_1_255' title='bbox 1010 3137 1171 3196; x_wconf 78' lang='grc' dir='ltr'><em>Ἀπόλλωνά</em></span> <span class='ocrx_word' id='word_1_256' title='bbox 1195 3155 1293 3213; x_wconf 87' lang='grc' dir='ltr'><em>φησιν,</em></span> 
     </span>
     <span class='ocr_line' id='line_1_30' title="bbox 179 3220 1292 3309; baseline 0.006 -31"><span class='ocrx_word' id='word_1_257' title='bbox 179 3224 242 3278; x_wconf 79' lang='grc' dir='ltr'><em>ἐπεί</em></span> <span class='ocrx_word' id='word_1_258' title='bbox 256 3228 332 3296; x_wconf 90' lang='grc' dir='ltr'><em>φασί</em></span> <span class='ocrx_word' id='word_1_259' title='bbox 348 3241 421 3284; x_wconf 84' lang='grc' dir='ltr'><em>τινες</em></span> <span class='ocrx_word' id='word_1_260' title='bbox 437 3222 487 3279; x_wconf 88' lang='grc' dir='ltr'><em>τὸν</em></span> <span class='ocrx_word' id='word_1_261' title='bbox 501 3220 601 3277; x_wconf 85' lang='grc' dir='ltr'><em>Ἥλιον</em></span> <span class='ocrx_word' id='word_1_262' title='bbox 619 3220 670 3278; x_wconf 90' lang='grc' dir='ltr'><em>τὸν</em></span> <span class='ocrx_word' id='word_1_263' title='bbox 691 3223 779 3280; x_wconf 85' lang='grc' dir='ltr'><em>αὑτὸν</em></span> <span class='ocrx_word' id='word_1_264' title='bbox 805 3223 936 3293; x_wconf 78' lang='grc' dir='ltr'><em>εἶναιτῷ</em></span> <span class='ocrx_word' id='word_1_265' title='bbox 958 3221 1133 3294; x_wconf 80' lang='grc' dir='ltr'><em>Ἀπόλλωνι.)</em></span> <span class='ocrx_word' id='word_1_266' title='bbox 1171 3220 1242 3309; x_wconf 81' lang='grc' dir='ltr'><em>[[ἀτι</em></span> <span class='ocrx_word' id='word_1_267' title='bbox 1261 3231 1292 3285; x_wconf 80' lang='grc' dir='ltr'><em>ἀὲ</em></span> 
     </span>
     <span class='ocr_line' id='line_1_31' title="bbox 178 3306 1293 3380; baseline 0.003 -17"><span class='ocrx_word' id='word_1_268' title='bbox 178 3315 218 3380; x_wconf 76' lang='grc' dir='ltr'><em>τῷ</em></span> <span class='ocrx_word' id='word_1_269' title='bbox 238 3307 314 3380; x_wconf 84' lang='grc' dir='ltr'><em>λόγῳ</em></span> <span class='ocrx_word' id='word_1_270' title='bbox 331 3306 417 3378; x_wconf 81' lang='grc' dir='ltr'><em>τούτῳ</em></span> <span class='ocrx_word' id='word_1_271' title='bbox 436 3308 516 3361; x_wconf 87' lang='grc' dir='ltr'><em>καλό</em></span> <span class='ocrx_word' id='word_1_272' title='bbox 535 3307 650 3375; x_wconf 81' lang='grc' dir='ltr'><em>ποιητὴς</em></span> <span class='ocrx_word' id='word_1_273' title='bbox 666 3312 885 3364; x_wconf 75' lang='grc' dir='ltr'><em>κατακολουθῶν</em></span> <span class='ocrx_word' id='word_1_274' title='bbox 902 3308 975 3380; x_wconf 85' lang='grc' dir='ltr'><em>μετὰ</em></span> <span class='ocrx_word' id='word_1_275' title='bbox 992 3308 1042 3364; x_wconf 89' lang='grc' dir='ltr'><em>τὸν</em></span> <span class='ocrx_word' id='word_1_276' title='bbox 1062 3307 1161 3371; x_wconf 81' lang='grc' dir='ltr'><em>Ἥλιον</em></span> <span class='ocrx_word' id='word_1_277' title='bbox 1179 3316 1227 3369; x_wconf 78' lang='grc' dir='ltr'><em>ἐπὶ</em></span> <span class='ocrx_word' id='word_1_278' title='bbox 1242 3314 1293 3373; x_wconf 79' lang='grc' dir='ltr'><em>τὸν</em></span> 
     </span>
     <span class='ocr_line' id='line_1_32' title="bbox 177 3392 1290 3475; baseline 0.003 -26"><span class='ocrx_word' id='word_1_279' title='bbox 177 3394 350 3455; x_wconf 82' lang='grc' dir='ltr'><em>Ἀπόλλωνος</em></span> <span class='ocrx_word' id='word_1_280' title='bbox 367 3393 476 3469; x_wconf 83' lang='grc' dir='ltr'><em>ἔρχεται</em></span> <span class='ocrx_word' id='word_1_281' title='bbox 496 3392 599 3465; x_wconf 84' lang='grc' dir='ltr'><em>ὑμνον,</em></span> <span class='ocrx_word' id='word_1_282' title='bbox 631 3393 758 3469; x_wconf 87' lang='grc' dir='ltr'><em>φανερὸν</em></span> <span class='ocrx_word' id='word_1_283' title='bbox 782 3399 863 3448; x_wconf 89' lang='grc' dir='ltr'><em>ποιεῖ</em></span> <span class='ocrx_word' id='word_1_284' title='bbox 878 3392 974 3461; x_wconf 85' lang='grc' dir='ltr'><em>αὑτός,</em></span> <span class='ocrx_word' id='word_1_285' title='bbox 1005 3399 1108 3467; x_wconf 88' lang='grc' dir='ltr'><em>λέγων,</em></span> <span class='ocrx_word' id='word_1_286' title='bbox 1140 3400 1218 3474; x_wconf 81' lang='grc' dir='ltr'><em>ἀμφι</em></span> <span class='ocrx_word' id='word_1_287' title='bbox 1239 3423 1290 3475; x_wconf 81' lang='grc' dir='ltr'><em>μοι</em></span> 
     </span>
     <span class='ocr_line' id='line_1_33' title="bbox 179 3478 1293 3557; baseline 0.006 -21"><span class='ocrx_word' id='word_1_288' title='bbox 179 3478 247 3536; x_wconf 83' lang='grc' dir='ltr'><em>αὖτε</em></span> <span class='ocrx_word' id='word_1_289' title='bbox 268 3479 348 3550; x_wconf 78' lang='grc' dir='ltr'><em>Φοῖβ’</em></span> <span class='ocrx_word' id='word_1_290' title='bbox 368 3479 457 3542; x_wconf 79' lang='grc' dir='ltr'><em>άναξ·</em></span> <span class='ocrx_word' id='word_1_291' title='bbox 481 3483 613 3534; x_wconf 80' lang='grc' dir='ltr'><em>τουτέστι</em></span> <span class='ocrx_word' id='word_1_292' title='bbox 638 3478 733 3538; x_wconf 87' lang='grc' dir='ltr'><em>πάλιν.</em></span> <span class='ocrx_word' id='word_1_293' title='bbox 770 3482 898 3554; x_wconf 75' lang='grc' dir='ltr'><em>οὐθαμοῦ</em></span> <span class='ocrx_word' id='word_1_294' title='bbox 917 3480 972 3557; x_wconf 85' lang='grc' dir='ltr'><em>γὰρ</em></span> <span class='ocrx_word' id='word_1_295' title='bbox 989 3488 1040 3536; x_wconf 88' lang='grc' dir='ltr'><em>νῦν</em></span> <span class='ocrx_word' id='word_1_296' title='bbox 1056 3489 1105 3537; x_wconf 85' lang='grc' dir='ltr'><em>τοῦ</em></span> <span class='ocrx_word' id='word_1_297' title='bbox 1124 3485 1293 3550; x_wconf 79' lang='grc' dir='ltr'><em>Ἀπόλλωνος</em></span> 
     </span>
     <span class='ocr_line' id='line_1_34' title="bbox 178 3563 1292 3648; baseline 0.006 -27"><span class='ocrx_word' id='word_1_298' title='bbox 178 3570 327 3640; x_wconf 89' lang='grc' dir='ltr'><em>μέμνηται.</em></span> <span class='ocrx_word' id='word_1_299' title='bbox 359 3571 389 3620; x_wconf 90' lang='grc' dir='ltr'><em>τί</em></span> <span class='ocrx_word' id='word_1_300' title='bbox 407 3563 458 3621; x_wconf 85' lang='grc' dir='ltr'><em>οὑν</em></span> <span class='ocrx_word' id='word_1_301' title='bbox 480 3565 538 3620; x_wconf 77' lang='grc' dir='ltr'><em>ἔδει</em></span> <span class='ocrx_word' id='word_1_302' title='bbox 555 3571 754 3639; x_wconf 86' lang='grc' dir='ltr'><em>μνημονεῦσαι</em></span> <span class='ocrx_word' id='word_1_303' title='bbox 778 3566 879 3620; x_wconf 43' lang='lat' dir='ltr'><em>winton</em></span> <span class='ocrx_word' id='word_1_304' title='bbox 899 3565 977 3633; x_wconf 81' lang='grc' dir='ltr'><em>αὖτε,</em></span> <span class='ocrx_word' id='word_1_305' title='bbox 998 3573 1023 3622; x_wconf 80' lang='grc' dir='ltr'><em>εί</em></span> <span class='ocrx_word' id='word_1_306' title='bbox 1040 3568 1080 3639; x_wconf 84' lang='grc' dir='ltr'><em>μὴ</em></span> <span class='ocrx_word' id='word_1_307' title='bbox 1098 3576 1145 3639; x_wconf 91' lang='grc' dir='ltr'><em>τῆς</em></span> <span class='ocrx_word' id='word_1_308' title='bbox 1162 3593 1292 3648; x_wconf 88' lang='grc' dir='ltr'><em>προειρη-</em></span> 
     </span>
     <span class='ocr_line' id='line_1_35' title="bbox 178 3651 1292 3730; baseline 0.005 -24"><span class='ocrx_word' id='word_1_309' title='bbox 178 3659 265 3728; x_wconf 85' lang='grc' dir='ltr'><em>μένης</em></span> <span class='ocrx_word' id='word_1_310' title='bbox 282 3654 413 3712; x_wconf 77' lang='grc' dir='ltr'><em>διανοίας</em></span> <span class='ocrx_word' id='word_1_311' title='bbox 429 3656 517 3722; x_wconf 74' lang='grc' dir='ltr'><em>εἴχετο</em></span> <span class='ocrx_word' id='word_1_312' title='bbox 524 3674 533 3717; x_wconf 90' lang='grc'><em>,·</em></span> <span class='ocrx_word' id='word_1_313' title='bbox 552 3651 584 3705; x_wconf 90' lang='grc' dir='ltr'><em>τὸ</em></span> <span class='ocrx_word' id='word_1_314' title='bbox 604 3653 635 3708; x_wconf 81' lang='grc' dir='ltr'><em>ἀὲ</em></span> <span class='ocrx_word' id='word_1_315' title='bbox 650 3657 756 3728; x_wconf 85' lang='grc' dir='ltr'><em>μέτρον</em></span> <span class='ocrx_word' id='word_1_316' title='bbox 775 3651 885 3724; x_wconf 81' lang='grc' dir='ltr'><em>ἀντῳάῆ</em></span> <span class='ocrx_word' id='word_1_317' title='bbox 904 3658 951 3707; x_wconf 84' lang='grc' dir='ltr'><em>καὶ</em></span> <span class='ocrx_word' id='word_1_318' title='bbox 969 3654 1155 3730; x_wconf 84' lang='grc' dir='ltr'><em>ἀντιστροφῆ.</em></span> <span class='ocrx_word' id='word_1_319' title='bbox 1183 3660 1292 3716; x_wconf 77' lang='grc' dir='ltr'><em>ἔστιδὲ</em></span> 
     </span>
    </p>
   </div>
   <div class='ocr_carea' id='block_1_4' title="bbox 176 3735 1386 3821">
    <p class='ocr_par' dir='ltr' id='par_1_6' title="bbox 176 3735 1386 3821">
     <span class='ocr_line' id='line_1_36' title="bbox 176 3735 1386 3821; baseline 0.008 -29"><span class='ocrx_word' id='word_1_320' title='bbox 176 3740 211 3795; x_wconf 87' lang='grc' dir='ltr'><em>τὸ</em></span> <span class='ocrx_word' id='word_1_321' title='bbox 229 3744 334 3814; x_wconf 84' lang='grc' dir='ltr'><em>μέτρον</em></span> <span class='ocrx_word' id='word_1_322' title='bbox 353 3743 400 3793; x_wconf 85' lang='grc' dir='ltr'><em>καὶ</em></span> <span class='ocrx_word' id='word_1_323' title='bbox 418 3738 434 3805; x_wconf 84' lang='grc' dir='ltr'>ἡ</span> <span class='ocrx_word' id='word_1_324' title='bbox 452 3735 573 3806; x_wconf 87' lang='grc' dir='ltr'><em>ποσότης</em></span> <span class='ocrx_word' id='word_1_325' title='bbox 592 3739 678 3810; x_wconf 86' lang='grc' dir='ltr'><em>ὁμοία</em></span> <span class='ocrx_word' id='word_1_326' title='bbox 696 3744 729 3814; x_wconf 81' lang='grc' dir='ltr'><em>τῆ</em></span> <span class='ocrx_word' id='word_1_327' title='bbox 747 3744 864 3814; x_wconf 80' lang='grc' dir='ltr'><em>στροφῆ.</em></span> <span class='ocrx_word' id='word_1_328' title='bbox 889 3737 1031 3811; x_wconf 78' lang='grc' dir='ltr'><em>ὡμοίωται</em></span> <span class='ocrx_word' id='word_1_329' title='bbox 1050 3742 1081 3796; x_wconf 82' lang='grc' dir='ltr'><em>ἀὲ</em></span> <span class='ocrx_word' id='word_1_330' title='bbox 1099 3747 1146 3796; x_wconf 90' lang='grc' dir='ltr'><em>καὶ</em></span> <span class='ocrx_word' id='word_1_331' title='bbox 1164 3743 1196 3799; x_wconf 87' lang='grc' dir='ltr'><em>τὸ</em></span> <span class='ocrx_word' id='word_1_332' title='bbox 1214 3747 1293 3821; x_wconf 80' lang='grc' dir='ltr'><em>ἐπίρ-</em></span> <span class='ocrx_word' id='word_1_333' title='bbox 1383 3758 1386 3763; x_wconf 90' lang='grc'><strong>“</strong></span> 
     </span>
    </p>
   </div>
   <div class='ocr_carea' id='block_1_5' title="bbox 177 3815 1291 4422">
    <p class='ocr_par' dir='ltr' id='par_1_7' title="bbox 177 3815 1291 4422">
     <span class='ocr_line' id='line_1_37' title="bbox 178 3815 1291 3904; baseline 0.005 -24"><span class='ocrx_word' id='word_1_334' title='bbox 178 3846 255 3903; x_wconf 89' lang='grc' dir='ltr'><em>ρημα</em></span> <span class='ocrx_word' id='word_1_335' title='bbox 273 3830 320 3880; x_wconf 85' lang='grc' dir='ltr'><em>καὶ</em></span> <span class='ocrx_word' id='word_1_336' title='bbox 337 3826 370 3879; x_wconf 84' lang='grc' dir='ltr'><em>τὸ</em></span> <span class='ocrx_word' id='word_1_337' title='bbox 393 3815 617 3904; x_wconf 64' lang='grc' dir='ltr'><em>ἀντεπίρρημα.”ῇ</em></span> <span class='ocrx_word' id='word_1_338' title='bbox 723 3841 740 3881; x_wconf 79' lang='grc' dir='ltr'><em>ν,</em></span> <span class='ocrx_word' id='word_1_339' title='bbox 762 3824 811 3885; x_wconf 83' lang='grc' dir='ltr'><em>τὰς</em></span> <span class='ocrx_word' id='word_1_340' title='bbox 830 3825 1017 3902; x_wconf 84' lang='grc' dir='ltr'><em>ἀντιστροφάς</em></span> <span class='ocrx_word' id='word_1_341' title='bbox 1041 3832 1089 3881; x_wconf 80' lang='grc' dir='ltr'><em>καὶ</em></span> <span class='ocrx_word' id='word_1_342' title='bbox 1106 3828 1155 3891; x_wconf 86' lang='grc' dir='ltr'><em>τάς</em></span> <span class='ocrx_word' id='word_1_343' title='bbox 1172 3830 1291 3902; x_wconf 77' lang='grc' dir='ltr'><em>ἐπῳδάς,</em></span> 
     </span>
     <span class='ocr_line' id='line_1_38' title="bbox 179 3909 1290 3987; baseline 0.005 -19"><span class='ocrx_word' id='word_1_344' title='bbox 179 3912 309 3980; x_wconf 79' lang='grc' dir='ltr'><em>ἅστινας,</em></span> <span class='ocrx_word' id='word_1_345' title='bbox 328 3909 400 3982; x_wconf 81' lang='lat' dir='ltr'><strong>quod</strong></span> <span class='ocrx_word' id='word_1_346' title='bbox 416 3909 506 3968; x_wconf 80' lang='lat' dir='ltr'><strong>Diibn.</strong></span> <span class='ocrx_word' id='word_1_347' title='bbox 524 3912 648 3968; x_wconf 74' lang='lat' dir='ltr'><strong>mutavit.</strong></span> <span class='ocrx_word' id='word_1_348' title='bbox 747 3913 764 3967; x_wconf 92' lang='lat' dir='ltr'>b</span> <span class='ocrx_word' id='word_1_349' title='bbox 784 3911 878 3987; x_wconf 77' lang='grc' dir='ltr'><em>ὥσπερ</em></span> <span class='ocrx_word' id='word_1_350' title='bbox 903 3911 954 3966; x_wconf 80' lang='grc' dir='ltr'><em>οὖν</em></span> <span class='ocrx_word' id='word_1_351' title='bbox 970 3913 1113 3968; x_wconf 84' lang='grc' dir='ltr'><em>κάνταῦθα</em></span> <span class='ocrx_word' id='word_1_352' title='bbox 1132 3915 1163 3969; x_wconf 90' lang='grc' dir='ltr'><em>τὸ</em></span> <span class='ocrx_word' id='word_1_353' title='bbox 1180 3916 1240 3976; x_wconf 83' lang='grc' dir='ltr'><em>ἀντ.</em></span> <span class='ocrx_word' id='word_1_354' title='bbox 1257 3919 1290 3974; x_wconf 91' lang='lat' dir='ltr'><em>V.</em></span> 
     </span>
     <span class='ocr_line' id='line_1_39' title="bbox 178 3997 1291 4072; baseline 0.003 -17"><span class='ocrx_word' id='word_1_355' title='bbox 178 3998 287 4071; x_wconf 82' lang='grc' dir='ltr'><em>οιὺπερ</em></span> <span class='ocrx_word' id='word_1_356' title='bbox 308 4015 359 4056; x_wconf 88' lang='lat' dir='ltr'><em>om.</em></span> <span class='ocrx_word' id='word_1_357' title='bbox 377 3998 425 4064; x_wconf 91' lang='lat' dir='ltr'><em>V.,</em></span> <span class='ocrx_word' id='word_1_358' title='bbox 453 3997 500 4068; x_wconf 87' lang='lat' dir='ltr'><em>qui</em></span> <span class='ocrx_word' id='word_1_359' title='bbox 518 4000 630 4054; x_wconf 86' lang='grc' dir='ltr'><em>καὶέπὶ</em></span> <span class='ocrx_word' id='word_1_360' title='bbox 717 3997 803 4053; x_wconf 67' lang='lat' dir='ltr'><em>drot</em></span> <span class='ocrx_word' id='word_1_361' title='bbox 826 3998 891 4052; x_wconf 88' lang='grc' dir='ltr'><em>ὅλου</em></span> <span class='ocrx_word' id='word_1_362' title='bbox 909 3997 970 4053; x_wconf 85' lang='grc' dir='ltr'><em>Α1ι1.</em></span> <span class='ocrx_word' id='word_1_363' title='bbox 1056 4006 1137 4055; x_wconf 80' lang='grc' dir='ltr'><em>εκαὶ</em></span> <span class='ocrx_word' id='word_1_364' title='bbox 1156 4002 1240 4072; x_wconf 78' lang='grc' dir='ltr'><em>δεῦρο</em></span> <span class='ocrx_word' id='word_1_365' title='bbox 1257 4005 1291 4060; x_wconf 85' lang='lat' dir='ltr'><em>V.</em></span> 
     </span>
     <span class='ocr_line' id='line_1_40' title="bbox 177 4083 1291 4159; baseline 0.003 -18"><span class='ocrx_word' id='word_1_366' title='bbox 177 4087 193 4143; x_wconf 80' lang='lat' dir='ltr'>f</span> <span class='ocrx_word' id='word_1_367' title='bbox 207 4087 224 4154; x_wconf 82' lang='grc' dir='ltr'><strong><em>ἡ</em></strong></span> <span class='ocrx_word' id='word_1_368' title='bbox 242 4088 271 4142; x_wconf 73' lang='lat' dir='ltr'><em>et</em></span> <span class='ocrx_word' id='word_1_369' title='bbox 287 4086 358 4140; x_wconf 81' lang='grc' dir='ltr'><em>οὑτω</em></span> <span class='ocrx_word' id='word_1_370' title='bbox 375 4100 426 4140; x_wconf 85' lang='lat' dir='ltr'><em>om.</em></span> <span class='ocrx_word' id='word_1_371' title='bbox 444 4084 478 4139; x_wconf 90' lang='lat' dir='ltr'><em>V.</em></span> <span class='ocrx_word' id='word_1_372' title='bbox 555 4083 761 4159; x_wconf 69' lang='grc' dir='ltr'><em>ςὶππονάμαν</em></span> <span class='ocrx_word' id='word_1_373' title='bbox 780 4084 845 4139; x_wconf 82' lang='grc' dir='ltr'><em>ὅσθ’</em></span> <span class='ocrx_word' id='word_1_374' title='bbox 865 4083 896 4138; x_wconf 92' lang='lat' dir='ltr'><em>V.</em></span> <span class='ocrx_word' id='word_1_375' title='bbox 979 4085 1106 4154; x_wconf 76' lang='grc' dir='ltr'><em>λιψοῖρε</em></span> <span class='ocrx_word' id='word_1_376' title='bbox 1123 4085 1156 4140; x_wconf 84' lang='lat' dir='ltr'><em>V.</em></span> <span class='ocrx_word' id='word_1_377' title='bbox 1191 4091 1291 4149; x_wconf 79' lang='lat' dir='ltr'><strong>omisso</strong></span> 
     </span>
     <span class='ocr_line' id='line_1_41' title="bbox 178 4167 1290 4237; baseline 0.004 -9"><span class='ocrx_word' id='word_1_378' title='bbox 178 4171 253 4236; x_wconf 84' lang='grc' dir='ltr'><em>ἀναξ</em></span> <span class='ocrx_word' id='word_1_379' title='bbox 332 4171 448 4227; x_wconf 84' lang='grc' dir='ltr'><em>ίαὺτοῦ</em></span> <span class='ocrx_word' id='word_1_380' title='bbox 466 4169 621 4237; x_wconf 60' lang='lat' dir='ltr'><strong>montius,</strong></span> <span class='ocrx_word' id='word_1_381' title='bbox 643 4177 692 4225; x_wconf 87' lang='grc' dir='ltr'><em>τοὺ</em></span> <span class='ocrx_word' id='word_1_382' title='bbox 710 4169 773 4225; x_wconf 79' lang='grc' dir='ltr'><em>ΑΙά.</em></span> <span class='ocrx_word' id='word_1_383' title='bbox 843 4167 970 4224; x_wconf 76' lang='lat' dir='ltr'><strong>Aldina</strong></span> <span class='ocrx_word' id='word_1_384' title='bbox 989 4169 1147 4228; x_wconf 72' lang='lat' dir='ltr'><strong>adversum</strong></span> <span class='ocrx_word' id='word_1_385' title='bbox 1164 4176 1231 4234; x_wconf 79' lang='lat'>596:</span> <span class='ocrx_word' id='word_1_386' title='bbox 1259 4176 1290 4232; x_wconf 87' lang='grc' dir='ltr'><em>τὸ</em></span> 
     </span>
     <span class='ocr_line' id='line_1_42' title="bbox 178 4254 1291 4337; baseline 0.005 -24"><span class='ocrx_word' id='word_1_387' title='bbox 178 4260 211 4316; x_wconf 78' lang='grc' dir='ltr'><em>δὲ</em></span> <span class='ocrx_word' id='word_1_388' title='bbox 234 4257 387 4332; x_wconf 79' lang='grc' dir='ltr'><em>ὑψικέρατα</em></span> <span class='ocrx_word' id='word_1_389' title='bbox 409 4260 516 4333; x_wconf 89' lang='grc' dir='ltr'><em>πέτραν</em></span> <span class='ocrx_word' id='word_1_390' title='bbox 540 4255 651 4329; x_wconf 78' lang='grc' dir='ltr'><em>ἐπῳδός</em></span> <span class='ocrx_word' id='word_1_391' title='bbox 674 4259 741 4312; x_wconf 88' lang='grc' dir='ltr'><em>ἐστι.</em></span> <span class='ocrx_word' id='word_1_392' title='bbox 776 4254 808 4310; x_wconf 89' lang='grc' dir='ltr'><em>τὸ</em></span> <span class='ocrx_word' id='word_1_393' title='bbox 834 4254 903 4309; x_wconf 87' lang='grc' dir='ltr'><em>αὐτὸ</em></span> <span class='ocrx_word' id='word_1_394' title='bbox 921 4256 953 4311; x_wconf 80' lang='grc' dir='ltr'><em>δὲ</em></span> <span class='ocrx_word' id='word_1_395' title='bbox 971 4260 1074 4331; x_wconf 88' lang='grc' dir='ltr'><em>μέτρον</em></span> <span class='ocrx_word' id='word_1_396' title='bbox 1098 4264 1136 4330; x_wconf 82' lang='grc' dir='ltr'><em>τῷ</em></span> <span class='ocrx_word' id='word_1_397' title='bbox 1158 4267 1237 4335; x_wconf 85' lang='grc' dir='ltr'><em>μέλει</em></span> <span class='ocrx_word' id='word_1_398' title='bbox 1253 4269 1291 4337; x_wconf 80' lang='grc' dir='ltr'><em>τῷ</em></span> 
     </span>
     <span class='ocr_line' id='line_1_43' title="bbox 179 4340 1118 4422; baseline -0.005 -21"><span class='ocrx_word' id='word_1_399' title='bbox 179 4342 296 4422; x_wconf 80' lang='grc' dir='ltr'><em>πρώτῳ,</em></span> <span class='ocrx_word' id='word_1_400' title='bbox 321 4346 370 4403; x_wconf 82' lang='grc' dir='ltr'><em>καὶ</em></span> <span class='ocrx_word' id='word_1_401' title='bbox 389 4344 449 4413; x_wconf 82' lang='grc' dir='ltr'><em>ἑξῆς</em></span> <span class='ocrx_word' id='word_1_402' title='bbox 464 4340 542 4398; x_wconf 88' lang='grc' dir='ltr'><em>οὑτω.</em></span> <span class='ocrx_word' id='word_1_403' title='bbox 570 4345 630 4399; x_wconf 80' lang='grc' dir='ltr'><em>ἐστι</em></span> <span class='ocrx_word' id='word_1_404' title='bbox 648 4344 681 4401; x_wconf 78' lang='grc' dir='ltr'><em>ὑὲ</em></span> <span class='ocrx_word' id='word_1_405' title='bbox 698 4340 874 4419; x_wconf 75' lang='grc' dir='ltr'><em>παραγώγως</em></span> <span class='ocrx_word' id='word_1_406' title='bbox 892 4342 956 4398; x_wconf 85' lang='grc' dir='ltr'><em>ἀντὶ</em></span> <span class='ocrx_word' id='word_1_407' title='bbox 973 4347 1022 4397; x_wconf 83' lang='grc' dir='ltr'><em>τοῦ</em></span> <span class='ocrx_word' id='word_1_408' title='bbox 1039 4342 1118 4414; x_wconf 78' lang='grc' dir='ltr'><em>ὑψικ.</em></span> 
     </span>
    </p>
   </div>
   <div class='ocr_carea' id='block_1_6' title="bbox 0 0 1572 4984">
    <p class='ocr_par' dir='ltr' id='par_1_8' title="bbox 0 0 1572 4984">
     <span class='ocr_line' id='line_1_44' title="bbox 0 0 1572 4984; baseline 0 1"><span class='ocrx_word' id='word_1_409' title='bbox 0 0 1572 4984; x_wconf 95' lang='lat' dir='ltr'><em> </em></span> 
     </span>
    </p>
   </div>
  </div>
 </body>
</html>
