3134 4984
272 265 308 320 38
694 259 803 315 Scholia
819 258 849 315 in
870 257 963 315 nubes.

272 420 418 486 καλεῖται
452 412 685 505 ἐφθημιμερές.
727 415 766 484 τδ
800 414 957 503 τέταρτον
990 414 1045 483 καί
1076 414 1114 484 τδ
1147 413 1303 502 πέμπτον
1334 421 1383 506 τῷ

273 516 393 610 πρώτῳ
421 517 531 606 ὅμοια.
562 520 601 587 τὸ
623 519 716 588 έκταν
738 516 908 610 τρίμετρον
929 517 966 587 ἐκ
984 517 1152 606 διιάμβου,
1186 519 1384 608 1χοριάμβου

272 625 327 694 καί
347 621 506 711 βακχείου.
527 623 566 691 τὸ
589 621 728 710 ἕβδομον
749 625 942 692 δακτυλικόν
962 623 1180 714 τετράμετρον.
1203 623 1241 694 τδ
1264 623 1382 711 ὄγδοον

273 726 463 796 δακτυλικδν
485 722 710 816 πεντάμετρον.
745 727 784 796 τὸ
807 726 920 817 ἔνατον
950 725 1113 818 δίμετρον,
1154 726 1192 810 ἐξ
1213 726 1384 819 ἐπιτρίτου

272 829 383 920 τρίτου
405 830 460 899 καί
479 826 667 919 χοριάμβου.
688 830 726 901 τδ
749 830 885 900 δέκατον
907 830 1027 918 ὅμοιον,
1049 832 1087 900 ἐκ
1101 830 1312 900 δισπονδείου
1326 832 1385 900 καὶ

271 930 463 1024 χοριάμβου,
494 931 723 1023 ἢδακτυλικὸν
743 932 979 1026 ἐφδημιμερές,
1009 943 1067 1026 τῆς
1098 957 1132 1003 σι
1160 933 1233 1004 ἀντί
1254 943 1385 1024 μακρᾶς

274 1037 484 1128 λογιζομένης.
516 1037 555 1106 τὸ
574 1034 743 1107 ἑνδέκατον
764 1032 1020 1108 άντισπαστικδν
1048 1037 1197 1128 δίμετρον
1219 1036 1385 1129 άκατάλη-

275 1167 366 1225 κτον,
389 1140 427 1209 τὸ
442 1141 632 1227 καλούμενον
654 1150 684 1208 Γ
681 1139 867 1225 λυκώνειυν,
891 1143 926 1211 ἐκ
948 1140 1131 1232 διτροχαίου
1148 1143 1204 1211 καί
1219 1138 1383 1230 διιάμβου,

275 1243 320 1326 ὡς
341 1242 407 1329 ἐίςει
427 1245 468 1312 τά
488 1241 652 1326 Γλύκωνος

623 1364 754 1439 ,,κάπρος
769 1365 841 1437 ἡνίχ’
865 1366 880 1421 ὁ
897 1366 1031 1439 μαινόλης

623 1451 768 1528 Κύπριδος
786 1451 873 1513 θάλος
894 1452 1008 1508 ὦλεσε.“

275 1554 312 1625 τδ
341 1552 589 1623 δυοκαιδέκατον
611 1548 865 1623 άντισπαστικὸν
886 1554 1035 1646 δίμειρον
1065 1556 1313 1648 καταληκτικόν,
1345 1558 1385 1626 τὸ

276 1655 468 1746 καλούμενον
494 1658 724 1750 Φερεκράτειαν
745 1659 968 1750 ἐφθημιμερές
989 1661 1026 1743 ἐξ
1046 1659 1214 1751 ἐπιτρίτου
1230 1661 1387 1751 τετάρτου

276 1763 332 1831 καί
353 1760 520 1851 βακχείαν,
545 1759 588 1843 ὡς
609 1762 674 1846 ἕλει
695 1760 737 1830 τὰ
761 1758 982 1853 Φερεκράτους

627 1883 737 1961 Ἄνδρες
752 1882 885 1960 πρόςχετε
902 1885 953 1940 τὸν
969 1891 1037 1941 νοῦν

625 1970 788 2047 ἐξευρήματι
807 1976 894 2042 καινῷ
940 2028 942 2032 ,

625 2057 817 2130 συμπτίκτοις
835 2058 1028 2130 ἀναπαίστοις.

277 2163 424 2229 καλεῖται
446 2159 603 2229 δὲταῦτα
624 2158 909 2252 πολυσχημάτιστα
931 2160 986 2228 διά
1007 2160 1045 2230 τδ
1067 2157 1209 2250 διάφορα
1229 2159 1388 2244 δέχεσθαι

277 2262 387 2353 μέτρα.
415 2263 474 2332 ἐπὶ
501 2271 548 2333 τῶ
569 2262 655 2333 τέλει
687 2259 903 2355 παράγραφος
930 2264 996 2354 [καί
1018 2266 1119 2355 διπλῆ
1140 2262 1206 2332 ἐστι
1226 2271 1389 2334 νενευκυῖα

277 2367 379 2457 δυσί]
390 2419 398 2449 ,
418 2370 559 2457 δηλοῦσα
580 2364 663 2451 ἐμειν
685 2360 915 2435 άνταπάδοσιν.
947 2369 1048 2455 vict}

367 2495 565 2557 575—594.
611 2481 664 2577 [[ιδ
694 2487 881 2577 σοφώτατοι
910 2485 1058 2556 θεαταίι
1089 2494 1194 2555 Τοῦτο
1224 2485 1389 2578 ἐπίρρημα

278 2589 483 2677 ὀνομάζεται,
519 2590 575 2660 διά
609 2596 647 2661 τὸ
670 2590 861 2682 έπιρρέπειν
879 2584 978 2671 αὖθις
1005 2590 1064 2659 τδν
1083 2589 1181 2678 χορὸν
1203 2589 1290 2679 πρδς
1310 2593 1389 2672 τοὺς

278 2691 418 2779 θεατάς,
454 2696 509 2764 καί
536 2692 656 2787 χρηστά
675 2722 749 2764 τινα
772 2691 994 2782 συμβουλεύειν
1021 2688 1145 2780 αὐτοῖς,
1182 2691 1390 2784 ἢσκοῖπτειν

278 2799 354 2879 τοῦς
383 2796 550 2891 πονηρούς.
586 2797 656 2869 ἐστι
683 2801 720 2868 δέ
749 2799 785 2867 ἐκ
808 2797 931 2887 ζστίχων
959 2805 1137 2890 τρυχαϊκιῦν
1166 2799 1391 2889 τετραμέιρων

280 2906 519 2993 καταληκτικοῖν
544 2904 600 2989 22',
624 2896 872 2983 ὦνπελευταῖος

455 3026 502 3079 ἐπὶ
520 3025 551 3079 τὸ
569 3029 677 3094 βέλτιον
694 3024 725 3079 τδ
746 3031 866 3102 πρᾶγμα
884 3029 916 3098 τῇ
934 3023 1018 3079 πόλει
1038 3031 1203 3079 συνοίσεται.

280 3124 340 3197 ἐπὶ
366 3133 413 3216 τῷ
443 3127 529 3197 τέλει
557 3129 659 3219 διπλῆ
693 3125 757 3198 ἐστι
792 3132 966 3209 νενευκυῖα,
1003 3128 1144 3216 δηλοῦσα
1179 3124 1261 3211 {iam
1288 3123 1390 3194 άντα-

280 3226 450 3320 adom]

370 3356 565 3421 595-606.
610 3348 696 3442 άμφί
723 3377 781 3438 μοι
807 3348 915 3433 δίκαζε
949 3349 1023 3439 [[(Η
1055 3348 1180 3441 άντῳδὴ
1217 3349 1298 3438 αῦτη
1334 3350 1392 3418 καί

282 3451 480 3547 άντιστροηνὴ
502 3453 600 3541 ὁμοία
622 3454 693 3522 ἐστὶ
713 3464 753 3547 τῇ
776 3448 844 3546 ηλδῇ
868 3455 925 3522 καί
947 3464 1072 3546 στροφῇ
1092 3455 1174 3523 κατά
1194 3480 1230 3523 τε
1244 3454 1286 3522 τά
1301 3451 1412 3523 κῶλα’

281 3560 400 3628 καὶτὰ
430 3559 559 3649 8μέτρα.
582 3564 729 3646 μιμεῖται
751 3560 788 3628 δέ
808 3564 872 3628 τοῖν
903 3557 1132 3648 4διθυράμβων
1155 3561 1197 3627 τὰ
1220 3557 1391 3648 προοίμια.

214 3700 220 3715 ·
284 3670 420 3749 συνεχεῖς
440 3663 500 3753 γάρ
521 3667 659 3755 χρῶνται
680 3663 780 3754 ταύτῃ
801 3669 843 3752 τῇ
864 3664 964 3746 λέξει·
1002 3664 1054 3731 διὸ
1081 3664 1136 3731 καί
1163 3657 1393 3754 άμφιάνακτας

284 3765 399 3849 αάιυδς
431 3762 572 3837 ἐκάλουν.
613 3764 684 3835 ἐστι
712 3767 749 3835 δέ
777 3764 986 3858 Τερπάνδρου
1022 3760 1132 3858 ,ἄμφ’
1165 3767 1239 3853 ἐμοὶ
1266 3764 1392 3834 άνακτα

285 3868 509 3964 ἐκατηβόλον.“
531 3869 639 3941 λείπει
659 3871 695 3939 δέ
714 3872 752 3941 τδ
775 3869 848 3955 έσο,
869 3871 889 3962 ἢ
909 3873 947 3940 τὸ
965 3868 1131 3962 χόρευσον,
1155 3868 1221 3961 ἤτε
1235 3878 1392 3939 τοιοῦτον.

373 4102 567 4180 1χοριάμβου
585 4103 688 4175 Regius
706 4106 734 4157 et
749 4103 928 4158 Hermannus.
959 4105 1148 4176 χοριαμβικοῦ
1165 4098 1225 4157 Ald.
1330 4097 1391 4152 22'

286 4192 385 4251 addidi.
472 4191 575 4250 3P0st
591 4191 680 4265 μέτρα
700 4191 866 4246 desideratur
884 4191 1023 4261 signorum
1046 4187 1155 4244 mentio.
1191 4201 1258 4255 quae
1276 4201 1393 4255 sequun-

287 4285 333 4338 tur
350 4279 431 4336 verba
448 4281 512 4334 sunt
530 4278 599 4335 alius
617 4277 781 4348 interpretis.
868 4279 887 4334 4
906 4278 1155 4349 διθυραμβοποιῶν
1171 4272 1321 4329 Εῐυθελίαυ.
