3134 4984
587 333 694 391 Scholia
711 333 741 390 in
757 349 863 404 vespas.
1245 295 1279 390 51

173 518 233 564 σιν.
271 488 344 579 όβ’
368 491 405 561 δὲ
425 490 481 561 τδυ
501 485 537 577 β’
561 487 627 573 ἔχει
655 485 746 558 πόδα
774 485 1046 575 πεντασόλλαβον.
1083 486 1116 558 ολ
1144 487 1216 582 ἔξης
1244 491 1281 559 δὲ

172 598 294 678 πόντες
310 593 476 686 τροχαϊκοὶ
498 589 705 682 τετρόμετροι
729 590 975 683 καταληκτικοί,
1003 586 1047 660 ὧν
1064 597 1246 676 τελευταῖος

346 722 424 790 εἴπερ
441 718 539 787 ἔτυχον
555 718 612 768 τῶν
628 717 735 785 μελέων
754 714 925 776 Φιλοκλέους
943 714 1117 788 βεβρωκότες.

171 821 231 888 ε’πλ
260 824 334 899 ταῖς
361 811 551 885 δποθέοεσι
581 810 808 904 παρόγραφος.
845 811 905 882 ἐπὶ
927 815 963 883 δὲ
989 821 1038 905 τῷ
1066 816 1153 885 τέλει
1183 819 1284 907 διπλῆ

171 922 234 1006 ἔξω
256 923 444 1010 νενευκυῖα.]]

260 1033 447 1095 463-862
450 1072 1281 1093 .................

260 1137 460 1199 863-884.
508 1127 589 1215 [[καί
617 1127 680 1215 μὴν
708 1123 801 1215 ἡμεῖς
828 1124 885 1193 ἐπὶ
915 1132 989 1206 ταῖς
1015 1130 1204 1209 σπονδαῖςε
1234 1126 1288 1195 Ἡ

173 1229 334 1323 ἀμοιβαῖα
355 1231 435 1323 αὕτη
459 1229 612 1320 περίοδος
633 1227 737 1297 ἔοικεν
766 1228 900 1297 ἐκθέσει
924 1232 1058 1321 διπλῆς·
1090 1232 1141 1300 διδ
1166 1231 1223 1300 καί
1243 1232 1282 1302 τό

172 1338 411 1427 παρατέλετπον
431 1333 496 1419 ἔχει
518 1337 631 1402 κῶλον.
654 1330 725 1401 ἔστι
746 1339 820 1420 μοόν
835 1331 997 1421 περιόδων
1012 1341 1125 1424 τριῶν,
1147 1336 1203 1405 καὶ
1217 1335 1284 1405 εἰσὶ

171 1451 231 1534 τῆς
254 1438 384 1531 προίτης
405 1432 559 1528 περιόδου
580 1441 667 1505 κῶλα
689 1435 848 1525 τέσσαρα,
872 1429 915 1504 ὧν
928 1438 966 1504 τὸ
989 1445 1121 1527 πρῶτον
1142 1433 1283 1509 ἀναπαι-

172 1547 285 1615 στικόν
309 1543 478 1634 τρίμετρον
501 1534 731 1632 οίκατόληκτον.
759 1537 801 1609 τὰ
826 1537 898 1631 ἑξῆς
920 1541 977 1609 δύο
998 1540 1133 1634 δίμετρα
1155 1536 1283 1613 οἷκατό-

171 1654 280 1742 ληκτα.
322 1649 360 1716 τὸ
382 1648 536 1736 τέταρτον
562 1644 713 1734 δι’μετρον
736 1641 981 1734 καταλκμτικόν,
1004 1643 1077 1736 ἤτοι
1098 1645 1284 1739 ἓφθημιμε-

172 1754 241 1844 ρές,
282 1746 301 1821 δ
322 1754 471 1819 καλεῖται
491 1745 718 1838 παροιμιακόν.
754 1742 831 1834 μεθ’
854 1741 874 1818 δ
896 1749 929 1817 ἓν
959 1748 1106 1819 εἰσδέοει
1131 1750 1285 1839 ἰαμβικὸς

171 1855 341 1948 τρίμετρος
361 1849 591 1945 υλκυτόληκτος.
614 1859 672 1943 τῆς
693 1853 844 1942 δευτέρας
865 1853 1019 1942 περιόδου
1041 1858 1130 1923 κῶλα
1150 1855 1200 1941 ἕξ,
1238 1851 1283 1925 ὧν

171 1962 210 2030 τδ
234 1966 367 2050 πρῶτον
388 1957 516 2044 ὅμοιον,
542 1957 581 2025 τὸ
603 1953 750 2046 δεύτερον
780 1953 1021 2047 ἓφθημιμερές,
1049 1960 1091 2027 τὰ
1114 1955 1187 2051 ἑξῆς
1208 1958 1284 2050 τρία

171 2064 307 2153 δίμετρα
329 2055 551 2152 όκατόληκτα,
581 2059 618 2128 τδ
641 2060 733 2128 ἕκτον
754 2059 996 2150 πενθημιμερές
1014 2068 1072 2154 τῆς
1093 2061 1204 2154 τρίτης
1226 2091 1283 2132 πε·

172 2164 283 2258 ριόδου
316 2159 541 2234 όναπαιστικδι
583 2165 672 2231 κῶλα
705 2163 799 2244 δέκα,
845 2157 888 2231 ὧν
920 2164 962 2233 τὰ
993 2170 1109 2255 πρῶτα
1140 2168 1283 2256 τέσσαρα

171 2271 369 2362 τετράμετρα
391 2263 626 2357 καταληκτικό,
649 2267 687 2335 τὸ
708 2266 738 2335 ε’
759 2267 816 2334 καὶ
838 2263 873 2350 ς’
893 2266 1048 2358 τρίμετρα
1065 2264 1281 2362 όκατάληκτα,

503 2373 639 2459 διμετρα
666 2363 888 2459 όκατοίληκτα,
924 2371 962 2439 τὸ
991 2368 1035 2439 θ’
1064 2366 1283 2467 ἆναπαιστικὴ

171 2476 285 2567 βόσις,
324 2473 420 2546 δκαί
450 2473 687 2564 παρατόλευτον
715 2468 920 2560 ὀνομάζεται,
957 2475 996 2544 τδ
1026 2476 1062 2544 δὲ
1086 2477 1112 2545 ι’
1140 2479 1178 2546 τὸ
1201 2481 1308 2567 ἵ,τὴν

172 2576 338 2673 ἀκαλήφην
363 2574 548 2669 ἀφελέσθαι
556 2587 586 2659 ,“
620 2575 772 2668 δίμετρον
798 2575 1039 2669 καταληκτικόν.
1081 2581 1132 2671 ἐφ’
1162 2579 1283 2675 ἑκάστῃ

172 2686 317 2776 περιόδῳ
341 2680 566 2774 παρόμραφος.
594 2681 654 2750 ε’πὶ
674 2690 722 2773 τῷ
746 2682 832 2752 τέλει
854 2681 890 2751 αἱ
913 2680 1065 2775 συνήθεις
1086 2682 1143 2754 δύο
1166 2690 1285 2756 διπλαῖ

178 2788 259 2874 Ῑέξω
278 2790 495 2876 νενευκυῖαι.]]·

261 2900 474 2963 885-1008
477 2943 1281 2966 ................

263 3005 503 3066 1009-1013.
548 2987 644 3081 Πόλλί
672 2991 721 3061 ἴτε
746 2993 939 3083 χαίροντεςε
971 3004 1076 3066 Τοῦτο
1105 3000 1282 3084 κομμάτιον

173 3105 336 3186 καλεῖται,
374 3098 457 3188 ὅπερ
479 3097 549 3166 ἐστὶ
571 3097 780 3187 προκήρυγμα
811 3105 869 3188 τῆς
890 3097 1116 3189 παραβάσεως.
1153 3100 1283 3173 ἔστιδὲ

173 3202 285 3276 κώλων
310 3207 530 3293 χοριαμβικιόν
552 3200 813 3287 ἐπιμεμιγμένων
841 3202 1021 3292 ἑπιτρίτοις
1042 3206 1098 3273 καί
1118 3205 1282 3293 βακχείοις

172 3312 230 3380 καὶ
251 3307 493 3395 παλιμβόκχοις
514 3302 554 3391 ζ’,
578 3299 622 3373 ὦν
645 3305 683 3375 τὸ
708 3310 836 3394 πρῶτον
856 3305 1025 3397 τρίμετρον
1043 3310 1282 3402 καταληκτικόν,

172 3416 212 3486 τό
235 3410 381 3499 δεύτερον
410 3410 560 3500 δι’μετρον
583 3407 819 3499 ἀκατάληκτον,
857 3411 915 3478 τὸν
938 3419 1067 3503 πρῶτον
1096 3412 1168 3498 ἔρον
1194 3416 1283 3485 πόδα

172 3513 453 3602 πεντασόλλαβου·
489 3514 528 3583 τὸ
549 3513 702 3603 τέταρτον
724 3511 873 3603 δίμετρον
900 3507 1135 3606 όκατόληκτον,
1173 3517 1285 3606 ὅμοιον

173 3629 220 3713 τῷ
241 3617 289 3708 β’,
312 3619 350 3690 τδ
370 3616 402 3688 ε’
425 3617 540 3705 ὅμοιον
560 3623 608 3707 τῷ
641 3612 771 3707 πρώτῳ.
809 3618 851 3685 τὰ
880 3620 916 3687 δὲ
945 3621 1048 3688 λοιπὰ
1077 3620 1122 3702 ὡς
1149 3623 1188 3691 τὸ
1210 3622 1282 3693 δεό-

172 3750 272 3814 τερον.
316 3722 376 3793 ἐπὶ
397 3728 446 3813 τηῖ
466 3722 552 3791 τέλει
575 3721 818 3812 παρόμραφος.]1

262 3836 501 3897 1014-1070.
545 3878 554 3893 ·
592 3878 623 3902 .,
645 3876 1281 3903 .............

265 3941 503 4000 1071—1090.
548 3928 679 4018 (εἴτις
706 3928 797 4016 ὑμῶν
825 3925 852 3996 ιδ
877 3930 1030 4000 θεαταίτ
1062 3932 1164 4002 Τοῦτό
1192 3932 1281 4003 ἐστιν

173 4033 347 4126 ἐπίρρημα.
376 4035 415 4104 τὸ
437 4035 474 4103 δὲ
495 4032 660 4126 ἐπίρρημα
686 4032 732 4114 ὡς
753 4032 880 4102 ἐπίπαν
906 4032 1145 4104 2ὀκτωκαίδεκα
1165 4037 1282 4122 στίχων

173 4135 196 4229 ἢ
217 4135 266 4225 ιβ’
287 4137 310 4230 ἢ
330 4135 389 4221 ις’.
419 4138 538 4207 ἐνθάδε
563 4138 618 4205 ³63
640 4134 768 4224 εἴκοσι.)

246 4355 261 4409 1
280 4353 334 4407 ἔσω
396 4356 415 4412 2
434 4352 456 4406 ι’
477 4351 538 4409 Ald.
556 4368 605 4423 pro
618 4354 676 4408 ὀκτ,
733 4353 799 4411 ὅδὲ
818 4368 870 4407 om.
883 4352 917 4408 V.
935 4351 982 4423 qui
993 4368 1042 4423 pro
1055 4356 1142 4408 εἴκοσι
1155 4353 1238 4410 habet
1249 4354 1282 4412 ι’.

1029 4444 1075 4507 4*
