3134 4984
272 309 308 366 88
694 309 801 364 Scholia
817 308 847 363 in
865 324 965 379 pacem.

272 462 311 532 τὸ
332 458 375 530 δ’
398 462 452 532 καί
470 465 509 532 τὸ
531 460 581 550 ιβ’
604 464 660 533 καὶ
680 464 735 533 ιδ’.
770 464 809 533 τδ
832 464 868 533 δὲ
891 461 941 533 ια’
963 462 1113 556 δίμετρον
1132 464 1311 555 τροχαίκόν.
1339 468 1379 539 τδ

271 571 453 636 τελευταῖον
474 569 654 637 παιωνικδν
674 566 878 658 τρίρροθμον.
911 567 962 660 ὑφ’
985 563 1005 637 δ’
1026 569 1183 659 κορωνίς]

362 699 557 760 361-382.
604 689 708 780 [φέρε
729 690 768 780 δη
790 688 913 759 κατίδω
935 715 944 760 :
973 687 1123 782 Σάστημα
1142 692 1224 761 κατὰ
1242 718 1379 780 περικο-

273 791 340 883 πὴν
361 790 592 883 ἀνομοιομερές
611 791 766 880 ἰαμβείων
787 789 851 879 κβ’.
886 793 946 861 ἐπὶ
965 801 1013 884 τῷ
1032 795 1117 864 τέλει
1138 798 1378 888 παράχραφοςῆ]

362 925 559 985 383-399.
613 914 715 1004 ῆείπέ
746 941 833 1001 μοις
869 916 920 982 Τὰ
956 923 1090 984 τοιαῦτα
1127 915 1198 1007 εἴδη
1234 922 1380 988 καλεῖται

273 1014 492 1109 δτιρόστροφα
513 1020 569 1087 καὶ
594 1018 658 1088 εἰσί
681 1018 797 1104 στίχων
818 1021 874 1088 καί
895 1019 1006 1089 κοίλων
1029 1020 1085 1104 ιζ’.
1132 1014 1176 1088 ὧν
1197 1019 1230 1090 οἰ
1251 1030 1381 1112 πρῶτοι

273 1117 330 1191 δύο
361 1123 438 1190 1καί
460 1121 478 1191 ὁ
501 1129 558 1214 τῆς
591 1120 721 1213 πρώτης
751 1130 893 1215 στροφῆς
921 1121 957 1192 α’
979 1124 1144 1213 τροχαίκοί
1172 1122 1381 1218 τετράμετροι

279 1224 535 1318 8νιαταληκτικοί.
558 1226 595 1296 τὸ
617 1228 656 1312 β’»
677 1228 856 1296 παιωνικὸν
878 1225 1026 1318 δίμετρον
1045 1226 1281 1320 καταληκτικόν.
1307 1228 1384 1318 ὄχ’

274 1330 451 1411 παιωνικδς
473 1326 685 1421 τετράμετρος
705 1329 932 1422 ἀκᾳτάληκτος.
965 1329 983 1400 ὁ
1005 1334 1025 1400 δ
1032 1332 1040 1358 ‘
1061 1332 1117 1399 καὶ
1140 1331 1158 1401 ὁ
1180 1330 1251 1424 ἑξῆς
1272 1334 1328 1401 καί
1350 1333 1384 1402 οἰ

275 1433 320 1518 α’,
339 1434 380 1516 ς’
401 1442 458 1525 τῆς
480 1434 629 1522 δεντέρας
651 1441 794 1526 στροφῆς
816 1435 924 1520 ὅμοιοι
946 1443 995 1525 τῷ
1015 1433 1147 1525 πρώτῳ.
1182 1437 1224 1504 τὰ
1244 1430 1276 1506 δ’
1299 1435 1384 1506 ἀλλα

276 1539 441 1607 παιωνικὰ
468 1538 639 1629 δίρρυθμα.
677 1539 735 1607 ἐπὶ
757 1545 830 1619 ταῖς
852 1537 1038 1607 ἀποθέσεσι
1059 1539 1281 1631 παράχραφος.
1324 1541 1384 1609 ἐπὶ

275 1643 312 1711 δὲ
332 1647 379 1732 τῷ
399 1641 571 1732 τελευταίῳ
592 1643 699 1732 κοίλην,
730 1649 779 1733 τῷ
790 1728 792 1732 ¹
811 1637 972 1727 ,δέσποτ’
1004 1638 1181 1731 ἀγαλοῦμεν
1207 1638 1295 1729 ἀεί,“
1324 1642 1384 1714 δύο

276 1748 393 1815 διπλαῖ
413 1744 475 1829 ἔξω
496 1752 682 1830 νενενκνῖαι,
703 1746 722 1837 ῆ
743 1748 804 1834 μὲν
825 1748 858 1816 ἐν
880 1745 959 1838 ἀρχῆ
981 1753 1039 1816 τοῦ
1062 1747 1181 1833 κώλου,
1205 1747 1223 1839 ῆ
1247 1750 1283 1818 δὲ
1301 1751 1385 1817 κατὰ

275 1852 315 1919 τὸ
337 1851 458 1939 τέλος.]]

364 1962 562 2023 400-425.
609 1952 689 2043 W
720 1949 877 2042 ἀντιβολῶ
907 1979 967 2024 σεε
995 1956 1147 2046 Σάστημα
1173 1955 1281 2046 ἕτερον
1301 1958 1385 2025 κατὰ

276 2060 461 2150 περικοπὴν
486 2059 717 2150 ἀνομοιομερὲς
744 2058 780 2128 ἐκ
808 2058 925 2143 στίχων
953 2058 1108 2146 ἰαμβείων
1140 2057 1203 2142 ις’.
1249 2061 1308 2129 ε’πί
1336 2069 1384 2152 τῷ

276 2164 362 2233 τέλει
383 2160 627 2254 παράχραφος.]]

364 2276 560 2336 426458.
604 2265 754 2358 ὑμέτερον
775 2267 924 2336 ἐντεῦθεν
938 2295 947 2337 :
963 2269 1116 2359 (Λιπλῆ3
1138 2269 1194 2337 καί
1215 2270 1251 2337 ἐν
1271 2267 1385 2337 εἰσθέ-

276 2396 326 2441 σει
350 2370 455 2455 στίχοι
477 2371 642 2459 τροχαίἰιοί
661 2369 870 2460 τετράμετρον
894 2371 1127 2463 καταληκτικοί.
1148 2368 1218 2441 εἶτα
1233 2374 1267 2441 ἐν
1286 2373 1386 2441 ε’κίλέ-

277 2500 328 2545 σει
350 2475 443 2567 παρά
470 2482 541 2555 τοῖς
567 2476 796 2564 τετραμέτροις
819 2474 941 2560 στίχοις
962 2475 1110 2562 ἰαμβικοί
1132 2477 1175 2563 β’,
1207 2474 1265 2545 κάν
1288 2476 1386 2544 ε’πεκ-

276 2581 372 2649 θέσει
392 2584 480 2648 κῶλα
502 2580 549 2667 β’,
587 2573 631 2647 ὧν
651 2580 771 2665 τὸμὲν
794 2580 828 2647 ἐκ
859 2583 977 2648 διπλοῦ
1005 2580 1194 2662 σπονδεῖον,
1231 2581 1269 2649 τὸ
1292 2582 1328 2649 δὲ
1349 2578 1386 2649 ἰκ

275 2690 334 2754 τοῦ
356 2685 504 2774 δεντέροο
525 2682 690 2774 τροχαίοο,
712 2684 767 2752 καὶ
791 2680 888 2752 αἰτοῦ
903 2687 1030 2752 διπλοῦ.
1042 2685 1094 2751 τὰ
1109 2685 1145 2753 δὲ
1161 2681 1232 2774 ἑξῆς
1254 2683 1386 2770 ἰαμβεῖα

275 2789 369 2879 μέχρι
391 2794 448 2856 τοῦ
471 2785 647 2872 ,ὑπότεινε
669 2790 708 2878 δῆ
729 2795 799 2868 πᾶς
819 2788 876 2856 καί
896 2784 1013 2876 κάταγε
1035 2793 1140 2856 τοῖσιν
1163 2785 1297 2876 κάλφς.“
1327 2787 1387 2856 ἒπί

275 2901 322 2982 τῆν
343 2892 429 2961 τέλει
451 2891 608 2982 κορωνίς.)

365 3022 563 3084 459-472.
609 3010 679 3101 (Ἦ
695 3008 853 3098 ἀμοιβαία
874 3010 951 3102 αὕτη
975 3012 1099 3103 στροφῆ
1120 3007 1231 3080 κώλων
1245 3011 1315 3080 ἐστὶ
1331 3010 1386 3098 ιδ’,

276 3117 341 3203 ἔχει
368 3118 405 3186 δὲ
435 3114 508 3209 ἑξῆς
536 3117 592 3185 καί
613 3115 829 3207 ἀντιστροφὴν
861 3115 897 3197 ἐξ
925 3113 1047 3201 ὁμοίων
1069 3113 1242 3206 ἀρχομένην
1264 3112 1388 3184 κώλων.

280 3221 357 3289 *καὶ
382 3219 451 3290 ἔστι
482 3220 520 3288 τὸ
541 3220 600 3305 μὲν
624 3226 755 3307 πρῶτον
776 3216 990 3307 τρισίλλαβον
1013 3221 1095 3287 κατὰ
1124 3216 1388 3306 παλιμβάκχειον.

276 3325 315 3394 τὸ
330 3326 366 3393 δὲ
382 3325 420 3411 β’
436 3322 544 3390 παίων
567 3330 706 3413 πρῶτος.
733 3323 771 3392 τὸ
788 3323 823 3391 δὲ
845 3319 877 3410 χ’
900 3322 1011 3407 ὅμοιον
1032 3329 1079 3413 τῷ
1093 3324 1223 3413 πράτῳ.
1246 3325 1284 3392 τὸ
1302 3324 1337 3393 δὲ
1353 3322 1388 3393 δ’

277 3428 349 3521 ῆτοι
371 3427 559 3496 δακτυλικὸν
583 3429 736 3512 διπλοῦν,
766 3427 787 3518 ἢ
807 3427 975 3516 τροχαῖκὸν
1004 3427 1245 3517 πενθημιμερὲς
1266 3424 1316 3517 εἰη
1338 3424 1387 3514 δίν,

276 3529 464 3625 ῆῆμιόλιον
487 3531 523 3599 ἐκ
546 3529 703 3611 παίωνος·
733 3531 771 3599 τὸ
793 3531 905 3616 μέντοι
926 3536 983 3621 τῆς
1003 3526 1218 3622 ἀντιστροφῆς
1240 3533 1389 3621 κρητικὸν

277 3637 352 3722 ἔχει.
396 3637 433 3702 τὸ
456 3633 487 3703 ε’
508 3638 645 3715 διπλοῦς
669 3632 936 3721 παλιμβάκχειος.
980 3635 1021 3702 τὰ
1045 3631 1087 3720 ς’,
1112 3632 1150 3717 ζ’.
1166 3629 1390 3703 ἀναπαιστικδι

278 3740 424 3830 δίμετρα.
468 3740 506 3807 τὸ
535 3736 567 3828 η’
598 3736 822 3828 ἓφθημιμερὲς
850 3738 970 3823 ὅμοιον.
1014 3741 1056 3805 τά
1084 3735 1136 3823 θ’,
1167 3735 1193 3807 ι’
1224 3740 1390 3807 παιωνικὰ

277 3840 462 3934 μονόμετρα
483 3844 520 3910 ἐκ
535 3847 701 3931 κρνητικιῦν.
723 3842 764 3909 τὰ
779 3839 838 3925 ια’,
863 3839 922 3927 ιβ’,
945 3838 992 3929 ιγ’
1014 3840 1238 3911 ἀναπαιστικά
1253 3841 1390 3931 δίμετρα

278 3946 514 4035 ε’πιμεμιχμένα
536 3945 743 4031 ἰάμβοις,τά
765 3946 801 4014 δὲ
825 3954 882 4036 τῆς
902 3940 1117 4037 ἀναστροφῆς
1137 3946 1194 4015 καί
1211 3942 1389 4027 δακτύλοις.

369 4162 471 4217 1Post
486 4165 534 4216 καὶ
553 4162 568 4215 ὁ
588 4167 634 4227 τῆς
651 4158 743 4215 addidi
759 4158 867 4236 πρώτης
936 4158 1149 4228 2ἀιιιιτάληιιτοι
1216 4163 1389 4227 wouh}-

282 4251 384 4303 διπλοῦ
403 4251 467 4304 sunt
483 4246 624 4304 Heliodori
643 4249 734 4301 tamen
752 4246 832 4302 valde
849 4250 974 4317 corrupta
990 4248 1022 4301 cf.
1040 4250 1236 4322 κωλομετρίαν.
1306 4249 1324 4304 4
1341 4251 1390 4301 καὶ

282 4338 392 4392 ἔστι-
416 4340 457 4403 εἴη
480 4334 515 4389 ἂν
535 4335 670 4405 descripta
688 4338 753 4391 sunt
769 4351 802 4390 ex
819 4327 908 4390 τίσετε
927 4334 1029 4391 scholio
1044 4333 1077 4390 cf.
1097 4338 1293 4412 κωλομετρίαν.
