3134 4984
1250 287 1301 342 121

195 464 270 530 que,
292 446 374 512 unde
390 446 543 513 vocabula
562 445 702 534 συροφή,
726 442 942 533 ἀντίστροφος
956 449 989 514 11
1003 444 1134 533 ἐπῳδὸς
1148 445 1302 532 originem

195 549 354 628 duxerint,
394 550 503 616 deinde
527 553 633 617 autem
655 551 799 632 additur,
836 571 873 619 ea
895 551 1049 632 carmina,
1072 572 1150 636 quae
1171 551 1220 616 his
1242 552 1301 616 tri·

193 653 253 718 bus
268 654 442 720 subsistant
460 655 620 738 partibus,
643 655 795 742 appellari
815 649 1007 741 ,,1ριάόας.“
1043 655 1151 721 adiicit
1165 654 1302 721 Atilius:

193 760 444 857 „monostropha
475 778 512 824 ea
533 761 671 825 carmina
693 759 860 844 appellari,
898 779 976 843 quae
1005 759 1082 825 duas
1103 757 1245 843 periodos
1269 761 1303 825 et

193 880 246 927 eas
269 881 360 945 pares
380 863 531 940 habeant,
568 884 668 950 neque
691 863 789 950 epodo
809 866 845 931 ut
867 863 930 930 alia
952 863 1208 929 concludentiu.“
1252 862 1302 927 his

193 966 298 1030 verbis
326 967 478 1033 nonnulla
504 970 614 1034 111111
639 967 760 1034 scholia
786 970 1004 1051 comparantes
1032 986 1079 1050 eq.
1096 974 1175 1046 973,
1199 987 1301 1047 μονο-

193 1067 352 1156 σεροφικὴ
376 1067 594 1156 reponerem
621 1065 737 1152 ἔῇρουσα
762 1070 822 1148 τὰς
843 1068 1014 1155 περιόδους
1042 1072 1074 1137 11
1102 1070 1200 1138 schol.
1221 1069 1301 1135 th.

194 1180 274 1252 489,
296 1174 397 1261 διπλῆ
418 1172 475 1239 καὶ
496 1172 589 1260 τριὰς
616 1172 797 1263 μεσῳόιιέή,
827 1195 985 1243 summum
1006 1175 1148 1242 videmus
1169 1193 1301 1241 consen-

193 1296 272 1342 sum.
314 1280 422 1344 oontra
451 1299 490 1360 ea
512 1279 649 1345 maxima
662 1280 771 1362 huius
799 1280 845 1345 rei
867 1279 1026 1366 imperitia
1053 1279 1143 1346 nobis
1166 1278 1302 1345 occurrit

192 1380 472 1449 innocentioribus
496 1383 640 1462 scholiis,
668 1384 722 1450 ubi
742 1403 891 1470 persaepe
919 1384 998 1451 talia
1019 1383 1168 1469 leguntur
1190 1382 1300 1467 (schol.

192 1504 241 1550 av.
257 1491 352 1565 400),
389 1480 538 1564 εἷ’σθεσις
560 1485 689 1570 μέλους,
730 1484 876 1575 decedam}
902 1485 962 1569 μὲν
990 1485 1045 1551 διὰ
1072 1484 1110 1552 τὸ
1138 1483 1219 1569 μετὰ
1242 1483 1300 1573 τὴν

190 1586 310 1675 διπλῆν
335 1586 540 1674 (ἄμοιβαιάν)
562 1586 740 1674 τίθεσθαι,
764 1587 932 1679 προῳδικὴ
953 1587 989 1656 δὲ
1004 1588 1059 1656 διὰ
1079 1588 1116 1656 τὸ
1138 1585 1301 1674 προτίθε-

192 1696 276 1757 σθαι
296 1687 408 1779 ἑτέρας
429 1692 593 1776 περιόδου.

278 1798 457 1864 Priscianus
493 1799 527 1864 in
564 1801 646 1867 libro
681 1819 753 1880 suo,
790 1800 844 1885 qui
882 1798 1065 1866 inscribitur
1095 1800 1160 1878 „de
1189 1799 1299 1866 metris

191 1900 384 1968 comicorum
394 1908 411 1939 “
441 1905 592 1970 nonnulla
615 1905 778 1971 Heliodori
801 1906 932 1970 afferens
955 1903 1096 1988 exempla
1118 1904 1162 1971 sic
1184 1902 1298 1971 tradit:

191 2005 406 2085 „Heliodorus
440 2009 589 2074 metricus
626 2009 687 2087 ait,
726 2001 897 2087 Ἰππώναξ
929 2005 1037 2073 πολλὰ
1074 2004 1202 2095 παρέβη
1233 2011 1300 2071 τῶν

189 2103 374 2194 ὡρισμένων
404 2105 439 2176 ἐν
461 2116 531 2189 τοῖς
558 2105 731 2196 ἰάμβοις
760 2115 794 2178 11
814 2114 907 2198 paulo
929 2113 1026 2178 infra:
1064 2113 1150 2192 „iste
1175 2111 1298 2178 iambus

188 2251 233 2260 -
252 2214 304 2279 hic
325 2215 478 2282 iambus.“
522 2217 595 2285 Non
617 2216 795 2282 mirandum
816 2220 880 2296 est,
918 2216 1000 2301 quod
1023 2217 1188 2295 hocloco,
1226 2234 1299 2281 cum

187 2318 258 2383 aliis
278 2319 438 2386 nonnullis
461 2322 561 2386 exstet
586 2321 774 2400 ‚,trimetri“
798 2326 864 2402 (11.
886 2323 958 2401 15),
983 2320 1100 2406 legitur
1123 2315 1297 2398 „iambus“

187 2422 267 2503 (scil.
303 2422 474 2503 trimeter),
519 2445 592 2491 nam
628 2426 808 2492 Priscianus
843 2427 944 2491 utitur
979 2426 1083 2494 verbis
1117 2423 1297 2501 Heliodori3

187 2527 226 2591 cf.
255 2527 399 2611 exempla
425 2528 576 2595 nonnulla
605 2530 638 2595 in
666 2530 793 2596 scholiis
824 2530 983 2596 veteribus
1010 2528 1099 2595 velut
1129 2529 1226 2595 schol.
1249 2547 1297 2612 eq.

189 2637 289 2707 1070,
312 2629 348 2697 ἐν
366 2627 512 2697 εἷσθέσει
535 2629 571 2719 δὲ
593 2627 708 2716 ἴαμβοι
729 2630 823 2715 δέκα,
853 2633 950 2700 schol.
973 2634 1164 2711 11111).1452,
1200 2631 1298 2699 schol.

186 2732 323 2800 Acharn.
351 2742 429 2815 860,
464 2732 521 2800 καί
553 2732 634 2801 εἰσιν
668 2728 784 2821 ἴαμβοι
813 2731 879 2822 ξε’,
911 2737 974 2804 alia
1008 2738 1181 2822 permulta,
1219 2754 1297 2822 quae

185 2857 315 2923 prorsus
337 2842 505 2907 abhorrent
526 2840 565 2907 ab
588 2860 625 2906 eo
644 2860 704 2907 usu
726 2841 890 2925 loquendi,
918 2862 1012 2926 quem
1039 2842 1209 2908 observant
1229 2841 1296 2907 He·

185 2944 330 3027 phaesiio
360 2946 516 3028 cetodque
544 2944 734 3012 recentiores
763 2947 971 3031 grammatici.
1017 2947 1148 3013 eandem
1174 2945 1297 3012 dicendi

185 3048 341 3117 rationem
361 3048 505 3134 legimus
520 3049 602 3133 apud
623 3049 735 3115 Iubam
756 3049 808 3131 (cf.
823 3050 927 3116 Rufini
946 3070 1013 3135 cap.
1031 3054 1063 3131 1)
1087 3051 1297 3131 „iamborum

185 3152 230 3232 (id
267 3155 317 3218 est
341 3153 546 3219 iambicorum
577 3153 805 3233 trimetrorum)
836 3155 940 3239 itaque
970 3155 1138 3240 exempla.“
1184 3151 1296 3220 deinde

184 3258 291 3322 locum
308 3256 405 3322 liceat
424 3258 549 3336 afferre,
574 3258 625 3342 qui
650 3260 752 3323 exstat
770 3258 804 3322 in
824 3258 920 3324 schol.
936 3259 1038 3344 Heph.
1062 3263 1146 3344 (pag.
1164 3266 1226 3323 162
1247 3258 1295 3324 ed.

153 3353 156 3358 ’
185 3360 312 3440 (laist),
336 3355 405 3425 dds*
416 3354 622 3445 Ἡλιόδωρος
641 3385 667 3424 κ.
683 3383 710 3425 τ.
726 3361 769 3443 t,
793 3362 849 3428 ubi
863 3362 961 3428 tradit
976 3364 1161 3443 scholiasta,
1184 3362 1295 3428 Helio-

185 3461 771 3548 111111111111111,,ἕγκιομιολογικὸν“
796 3462 873 3545 (,,υὸ
889 3463 1161 3554 ὄιπενθημιμερὲς
1170 3471 1201 3545 “l
1217 3466 1295 3533 duas

182 3563 215 3634 in
238 3569 479 3653 pentemimeres
501 3568 714 3649 distribuisse,
737 3569 925 3654 dactylicam
945 3573 977 3637 et
991 3565 1166 3638 iambicam.
1201 3572 1294 3638 Com·

183 3676 335 3758 ponantcs
357 3674 431 3738 huic
453 3674 522 3738 loco
544 3674 640 3738 schol.
661 3693 728 3759 pao.
746 3678 825 3753 775,
855 3671 939 3752 τινὲς
970 3672 1006 3740 δὲ
1034 3668 1234 3739 συνάπτουσι
1256 3670 1295 3739 τὸ
1319 3703 1327 3714 ·

183 3774 219 3862 η’
248 3773 304 3842 καὶ
327 3771 369 3840 θ’
394 3771 443 3853 εἷς
468 3773 747 3868 διπενθημιμερὲς
782 3775 836 3841 καὶ
865 3772 988 3863 γίνεται
1015 3771 1293 3864 ἑγκωμιολογικόν,

182 3872 202 3944 ὃ
238 3878 292 3945 καὶ
330 3875 475 3961 ἄμεινον,
516 3900 675 3947 summum
710 3882 803 3947 huius
840 3883 886 3948 rei
922 3882 1064 3948 ridemus
1101 3903 1295 3950 consensum.

182 3986 401 4070 [Manifestum
422 3987 472 4051 est
494 3987 526 4052 11
548 3987 644 4051 verba
665 3982 750 4063 τινὲς
771 3984 808 4050 δὲ
833 4023 868 4033 -
895 3978 913 4050 ὃ
936 3982 991 4051 καὶ
1012 3981 1142 4069 ἄμεινον
1162 3990 1193 4054 11
1215 4007 1293 4074 quac

180 4090 373 4175 praecedunt
387 4087 425 4152 τὸ
441 4083 475 4176 η’
492 4086 679 4154 δακτυλικόν
693 4085 807 4172 ὅμοιον
881 4091 933 4172 (of.
950 4092 983 4156 in
993 4089 1110 4174 κιολομ.
1130 4111 1198 4176 pao,
1216 4097 1292 4177 775)

180 4215 243 4261 111
266 4194 365 4279 ipsius
395 4214 462 4260 esse
485 4193 664 4272 Heliodori,
702 4194 756 4259 sed
779 4214 799 4259 a
824 4197 996 4261 recentiore
1029 4215 1123 4261 manu
1152 4196 1292 4281 profecta

180 4299 247 4367 eius
282 4298 393 4367 dooere
430 4291 642 4388 distinguendi
679 4300 850 4381 rationem,
884 4302 939 4385 qui
972 4320 1045 4368 oum
1081 4300 1292 4387 iambelegum
