3134 4984
265 279 316 335 104

349 440 428 505 Cum
454 433 603 514 εἴσθεσις
634 439 667 503 11
695 430 830 511 &abacia
859 435 1007 501 vocabula
1029 432 1132 503 'etism
1161 436 1241 522 apud
1272 440 1366 505 scho-

263 543 374 609 liastae
394 541 586 625 Byzantinos
610 540 670 605 etsi
690 539 774 603 inter
793 557 830 603 se.
843 541 1035 605 commutata
1050 558 1141 623 saepe
1156 540 1367 624 inveniantur,

262 643 442 723 ἐπέκθεσις
470 648 503 711 11
529 639 723 719 &melodema
757 641 900 725 plurimis
929 642 1007 708 locis
1033 643 1220 710 interierunt
1248 649 1303 711 aut
1332 648 1367 713 in

263 747 398 829 έκθεσις
418 753 451 816 11
472 744 620 825 niedseor
641 746 841 813 transierunt
864 765 924 811 von
946 744 1156 830 παρέκθεοις,
1179 749 1253 832 qnid
1267 751 1367 835 signi-

263 857 337 922 ficet
351 854 479 921 difficile
496 856 546 920 ost
560 852 600 919 ad
616 849 860 929 diiudicandum,
883 870 956 917 cum
971 849 1090 918 duobus
1103 853 1228 919 tanturn
1242 854 1319 919 locis
1333 856 1368 921 in

262 958 360 1025 schol
374 978 442 1044 pac.
459 961 522 1023 459
539 959 572 1023 11
586 957 723 1023 Acharn.
741 960 824 1019 1008
844 954 933 1019 nobis
948 954 1097 1022 tradatur.
1122 957 1250 1022 tametsi
1263 957 1368 1025 lucem

264 1064 399 1130 aderunt
421 1063 494 1128 hnic
515 1061 562 1127 rei
583 1060 680 1127 uerba
701 1078 780 1143 qnae
810 1058 975 1142 aliquoties
994 1059 1157 1143 leguntur:
1194 1060 1245 1143 (cf.
1269 1062 1368 1129 schol

260 1173 427 1253 111426,
449 1167 525 1251 658)
548 1160 697 1242 ethelmo
717 1162 808 1249 παρὰ
829 1158 885 1228 τὸν
903 1159 1122 1249 τέτρέμειροκ.
1165 1161 1369 1249 πορέκθεσις

231 1272 358 1358 ,igitur
394 1274 459 1351 est,
491 1249 600 1354 'quam
639 1287 696 1333 nos
734 1267 866 1333 dicimus
911 1268 1006 1345 „eine
1041 1266 1367 1355 verhaltnissmassigs

260 1370 432 1454 ἔκθεσις“.
476 1377 558 1441 hanc
587 1373 731 1450 obrem,
768 1370 944 1436 tetrametri
973 1370 1025 1453 qui
1054 1371 1088 1436 in
1110 1371 1207 1436 schol.
1229 1372 1365 1441 Acheru

263 1486 346 1545 1008
371 1480 656 1545 commemorantur
685 1473 719 1541 ἕν
745 1470 947 1559 παρεκθὲσει
975 1474 1084 1558 positi,
1114 1474 1270 1541 scribendi
1292 1478 1366 1546 sunt

261 1603 325 1650 nou
352 1573 427 1647 κατ’
455 1577 530 1648 ἴσον
556 1584 628 1658 τοῖς
650 1575 783 1663 ἰάμβοις
802 1574 984 1662 τριμέτροις
1005 1580 1275 1664 uoco-1008),
1310 1579 1366 1646 sed

260 1691 309 1773 τῷ
337 1682 539 1772 τετραμέτρῳ
567 1685 687 1768 (1007).
739 1682 884 1747 similiter
910 1682 943 1746 in
970 1682 1066 1747 schol.
1096 1701 1164 1765 pac.
1180 1689 1241 1748 459
1274 1684 1365 1750 scho-

260 1792 355 1858 hasta
376 1809 453 1856 vocs
486 1785 747 1873 ,,παρέκθεσις“
777 1785 997 1851 admonitionis
1026 1785 1144 1870 aliquid
1166 1786 1288 1866 adiicit,
1325 1807 1366 1853 ne

261 1913 370 1961 versus
394 1893 610 1977 (ael-466)
631 1884 700 1955 κατ’
730 1883 803 1954 ἴσον
822 1891 894 1965 τοῖς
913 1880 1046 1971 ἰάμβοις
1067 1886 1249 1975 τριμέτροις
1268 1894 1368 1974 ponat

261 1998 426 2077 librarius,
454 1996 510 2063 ssd
531 1996 572 2063 ad
590 1993 821 2079 longitudinem
842 2011 949 2058 eorum
970 1994 1002 2057 et
1022 1993 1111 2058 sedes
1131 1995 1165 2058 in
1187 1995 1291 2061 codice
1315 2016 1367 2063 re·

262 2100 423 2184 spondeat
452 2138 496 2149 -
534 2099 666 2182 deniqne
687 2099 747 2163 hoe
769 2098 838 2162 loco
859 2096 955 2162 liceat
975 2096 1104 2176 addere,
1127 2117 1182 2164 cun
1204 2119 1274 2164 cnm
1296 2099 1367 2182 ple-

259 2224 357 2289 raque
379 2205 500 2271 scholia
518 2203 552 2268 in
571 2203 670 2268 initiis
697 2202 774 2267 talia
803 2200 983 2267 exhibeant:
1017 2195 1165 2277 εἴοθεσις
1185 2197 1245 2280 εἰς,
1281 2203 1367 2270 haud

259 2327 395 2394 magnus
417 2327 565 2374 numerus
588 2325 721 2372 111111
742 2306 774 2370 in
796 2305 947 2390 principio
971 2307 1084 2371 carcat.
1129 2307 1221 2374 huius
1241 2309 1367 2390 generis

261 2415 335 2479 suut
359 2412 478 2479 scholia
496 2431 564 2495 pac.
580 2415 660 2489 856,
684 2415 765 2487 939,
785 2408 900 2496 διπλῆ,
922 2405 1037 2473 ἕπεται
1058 2405 1156 2492 μέλος
1178 2410 1366 2492 11111571,

260 2514 362 2604 διπλῆ
382 2513 436 2580 καὶ
455 2512 569 2598 μέλος,
593 2514 716 2597 (contra
738 2533 775 2580 ea
797 2509 973 2600 dissidenti
997 2510 1031 2578 ἐν
1049 2508 1195 2578 εἷοθέοει
1216 2513 1314 2597 μέλος
1333 2518 1368 2582 in

260 2619 357 2685 schol.
374 2638 421 2702 eq.
439 2619 546 2702 1111).
590 2618 687 2685 uerba
710 2617 795 2682 enim
816 2610 993 2697 „alhdonso
1012 2612 1096 2697 εἰς“,
1120 2619 1193 2701 quia
1208 2619 1248 2684 ad
1265 2621 1368 2686 totam

234 2705 238 2718 ’
259 2721 423 2808 periodum
443 2722 608 2789 metricam
628 2721 900 2800 referendasunt,
931 2721 1055 2786 nonnisi
1082 2722 1116 2785 in
1137 2722 1234 2787 initiis
1257 2743 1368 2791 sorum

260 2826 452 2892 scholiorum
464 2827 672 2910 reperiuntur,
687 2826 742 2890 ubi
756 2826 896 2892 earmina
911 2823 1080 2891 eorundem
1092 2827 1147 2892 ant
1160 2826 1297 2892 colorum
1312 2832 1369 2896 aut
1387 2913 1392 2920 Ι

260 2948 408 2996 versuum
430 2930 634 3016 exphcantur.
678 2932 846 3013 propterea
868 2929 895 2993 si
915 2929 1041 3013 probari
1061 2932 1192 3011 possunt
1213 2931 1246 2994 in
1268 2932 1369 2998 schol

260 3051 308 3118 eq.
325 3041 427 3115 1111,
464 3035 520 3101 ubi
551 3032 738 3100 describitur
769 3051 896 3098 carmen
926 3032 1035 3098 codem
1062 3036 1163 3098 metro
1197 3037 1230 3101 11
1254 3032 1369 3103 iisdem

261 3136 337 3202 colis
360 3138 549 3217 subsistens,
586 3140 692 3203 tannen
721 3137 754 3201 in
776 3136 847 3202 aliis
866 3136 954 3202 velut
976 3156 1043 3220 pac.
1060 3144 1121 3201 346
1152 3138 1237 3203 omni
1258 3142 1369 3205 carent

260 3258 363 3306 sensu.
414 3242 507 3308 facile
540 3241 638 3326 igitur
674 3240 870 3325 intellegitur·
901 3240 1068 3306 falsissime
1101 3241 1297 3308 Dindorfium
1333 3243 1369 3309 in

260 3344 369 3411 eodem
405 3345 523 3411 scholio
553 3346 656 3412 verbis
686 3344 789 3431 διπλῆ
817 3340 872 3408 καὶ
894 3345 928 3428 ()
959 3345 1021 3408 τῶν
1049 3339 1170 3426 ὁμοίιον
1199 3339 1369 3412 ἑκκαίδεκα

261 3447 416 3514 addidisse
439 3468 551 3515 vocem
579 3442 744 3526 εἴσθεσις,
779 3468 855 3514 narn
883 3467 946 3514 non
969 3466 1077 3513 omnes
1104 3448 1197 3514 huius
1220 3450 1368 3518 carminis

261 3569 370 3618 versus
392 3552 529 3635 ponendi
553 3554 627 3618 sunt
649 3548 683 3615 ἐν
702 3546 865 3632 siccana,
890 3550 945 3617 sed
960 3552 999 3617 ob
1015 3571 1164 3618 versuum
1178 3555 1369 3622 renotatam

260 3653 315 3719 alii
337 3649 370 3718 ἐν
392 3649 554 3734 studiosa,
586 3655 641 3720 alii
663 3652 697 3718 ἐν
718 3651 852 3720 ἐκθέσει
872 3658 904 3720 11
924 3655 981 3721 alii
1003 3653 1037 3720 ἐν
1059 3653 1236 3722 amendabat
1259 3659 1369 3744 scripti

261 3759 343 3825 sunt.
388 3758 607 3843 corrigendum
632 3761 739 3825 autern
761 3760 811 3824 est
835 3758 1003 3837 hocloco,
1040 3755 1141 3846 διπλῆ
1162 3757 1217 3826 καὶ
1240 3759 1367 3850 (μέλος)

261 3856 383 3943 ὁμοίιον
404 3863 465 3926 τῶν
486 3856 659 3926 ἑκκαίδεκα
680 3856 793 3928 κώλων
800 3913 809 3942 ,
835 3862 868 3928 id
894 3864 978 3947 quod
1000 3865 1148 3947 permulti
1169 3866 1232 3930 loci
1254 3867 1369 3932 confir·

259 3966 357 4030 mant.
403 3965 442 4031 cb
465 3966 596 4032 eandem
618 3985 746 4032 causam
766 3967 800 4031 in
821 3968 997 4033 11111616
1021 3969 1116 4034 verba
1131 3969 1239 4035 eadem
1259 3966 1369 4057 ,(111-

261 4071 356 4143 dcccc
376 4063 461 4152 εἰς)“
487 4089 506 4135 1
526 4070 699 4136 recentiore
722 4089 818 4135 mann
840 4071 980 4155 profecta
1002 4071 1133 4139 delenda
1155 4078 1236 4140 sunt.

214 4175 217 4192 ¹
349 4170 553 4239 Grammatici
574 4172 755 4257 posterio1is
786 4174 936 4258 temporis
965 4177 1023 4242 has
1046 4197 1138 4243 voces
1165 4172 1314 4257 εἴσθεσις
1335 4184 1369 4246 11

212 4329 217 4342 1
260 4269 392 4352 ἔκθεοις
414 4294 470 4341 sua
491 4276 525 4341 in
547 4276 667 4346 scholia
686 4277 952 4362 transcripserunt
980 4280 1043 4346 alia
1065 4281 1098 4347 vi
1120 4282 1262 4351 subiecta
1284 4277 1369 4368 (εἴσ-
