3134 4984
275 302 311 358 84
550 295 553 302 ’
710 298 818 355 Scholia
834 298 864 356 in
881 313 953 355 aves.

273 462 384 527 ταῦτα.
405 455 439 524 ἐν
459 454 592 525 ίκθίσει
612 454 649 523 δὲ
669 453 778 539 στίχος
799 452 951 542 ἰαμβικὸς
970 452 1139 546 τρίμετρος
1164 446 1383 544 ἀκατάληκτος

275 560 391 648 ὅμοιος
408 567 479 641 τοῖς
500 558 581 651 ἑξῆς.
614 559 673 628 ἐπὶ
696 568 743 649 τῷ
766 559 850 628 τέλει
872 557 1036 650 κοριυνίς.]]

366 685 603 752 1267-1312.
655 681 756 749 δεινόν
787 707 823 747 τε
852 680 908 748 τὸν
935 680 1086 771 κήρυκας
1128 676 1315 767 [[Είσθεσις
1347 679 1384 746 δὲ
1451 763 1456 766 .

275 791 334 875 τῆς
355 788 473 876 διπλῆς
493 778 669 871 ἀμοιβαίας
691 789 754 851 τῶν
774 781 972 872 ὑποκριτῶν.
998 781 1029 850 οί
1053 782 1090 851 δὲ
1110 781 1214 866 στίχοι
1237 780 1384 868 ἰαμβικοί

275 887 442 978 τρίμετροι
462 882 676 979 ἀκατάληκτοι
698 890 744 972 μδ
749 883 767 954 ’.
801 879 846 953 ὧν
866 889 1049 967 τελευταῖος

484 1010 538 1081 ἐγὼ
559 1009 588 1064 δ’
608 1012 722 1065 ἐκείνων
740 1008 804 1068 τοὺς
821 1006 991 1084 προσιόντας
1011 1009 1138 1082 δέξομαι.

276 1111 335 1181 ἒπί
349 1118 397 1202 τῷ
411 1111 497 1180 τίλει
519 1113 620 1202 διπλῆ
641 1108 704 1193 ἔξω
724 1114 914 1200 νενευκυίαλ
1182 1097 1186 1102 Δ

365 1242 604 1302 1313-1328.
651 1230 756 1319 βταχὸ
788 1224 823 1299 δ’
852 1229 890 1298 δν
912 1227 1097 1317 πολυάνορα
1121 1254 1130 1297 2
1157 1227 1210 1295 ‘H
1227 1223 1386 1317 ἀμοὶβαία

276 1336 355 1428 αὕτη
379 1334 533 1425 περίοδος
553 1332 657 1403 ἔοικεν
678 1335 812 1402 ἐκθέσει
835 1337 973 1423 διπλῆς,
1004 1329 1114 1400 κώλων
1137 1327 1218 1401 οάσα
1241 1328 1387 1403 ἀναπαι-

277 1449 393 1509 στικῶν
416 1440 470 1508 καί
494 1437 654 1526 ἰαμβικῶν
677 1433 732 1521 ιζ’.
754 1431 797 1505 ὧν
818 1439 1013 1525 τὸπρῶτον
1034 1435 1272 1507 ἀναπαιστικὸν
1294 1437 1387 1524 δίμε-

276 1570 351 1632 τρον
378 1537 606 1634 ἀκατάληκτυν.
650 1542 688 1609 τὸ
717 1541 754 1628 β’
786 1539 937 1627 ἰαμβικὸν
964 1538 1112 1630 δίμετρον
1145 1542 1385 1632 καταληκτικόν,

276 1645 347 1738 ἢτοι
369 1644 609 1738 ἑφθυμιμερές,
634 1638 653 1714 ὸ
675 1648 821 1713 καλεῖται
852 1636 1118 1733 ’ίνακρεόντειοκ
1148 1645 1186 1713 τὸ
1209 1642 1243 1732 χ’
1265 1644 1388 1730 ὅμοιον.

276 1752 314 1819 τὸ
336 1751 371 1818 δ’
391 1749 506 1837 ὅμοιον
525 1758 572 1840 τῷ
594 1749 639 1821 α’.
683 1749 720 1817 τὸ
744 1745 775 1816 ε’
799 1746 912 1833 ὅμοιον
932 1752 979 1837 τῷ
1000 1744 1046 1833 β’.
1089 1748 1127 1815 τὸ
1149 1748 1183 1829 ς’
1208 1751 1263 1816 καί
1293 1749 1331 1816 τὸ
1353 1744 1387 1830 ζ’

276 1848 500 1923 ἀναπαιστικὰ
522 1858 761 1943 πενθημιμερῆ.
804 1852 846 1919 τὸ
867 1847 910 1942 η’,
939 1847 991 1936 θ’,
1015 1851 1063 1938 ιγ’
1087 1850 1184 1936 ὅμοια
1205 1858 1252 1941 τῷ
1271 1850 1317 1936 α’,
1345 1853 1387 1920 τὰ

277 1951 312 2026 δ’
335 1956 418 2027 ἀλλα
440 1967 487 2048 τῷ
508 1958 556 2045 β’.
590 1956 649 2025 ἐπὶ
679 1963 725 2045 τῷ
745 1955 833 2023 τέλει
855 1952 890 2022 αἰ
913 1951 1064 2045 συνήθεις
1086 1957 1232 2044 διπλαῖ.]1

366 2088 604 2148 1329-1336.
648 2083 765 2167 Μανῆς
778 2143 781 2148 ,
794 2072 854 2165 γάρ
876 2074 947 2143 ἔστι
969 2075 1103 2156 δειλόςε
1143 2074 1331 2164 λΕίσθεσις
1351 2079 1388 2146 δὲ

276 2189 385 2271 χοροῦ,
408 2182 554 2273 ἔπῳδικὴ
573 2181 631 2267 μὲν
652 2180 766 2249 διὰτὸ
787 2179 870 2265 μετὰ
889 2179 946 2269 τὴν
968 2181 1087 2269 διπλῆν
1108 2177 1281 2265 τίθεσθαι,
1303 2206 1387 2270 προ-

277 2288 379 2379 ῳδικὴ
400 2287 437 2355 δὲ
459 2286 514 2355 διὰ
535 2286 573 2354 τὸ
593 2283 824 2375 προτίθεσθαι
846 2281 959 2374 ἑτέρας
979 2280 1150 2373 περιόδου,
1179 2282 1288 2353 κοίλων
1310 2283 1389 2354 ἀνα-

277 2398 462 2458 παιστικῶν
483 2391 522 2457 ε’.
554 2383 598 2457 ὧν
619 2391 661 2456 τὰ
682 2389 726 2472 α’,
745 2386 783 2475 β’
807 2394 1043 2478 πενθημιμερῆ.
1075 2388 1116 2455 τὸ
1136 2388 1180 2476 χ’,
1198 2385 1233 2457 δ’
1254 2388 1389 2481 δίμετρα

278 2487 490 2583 ἀκατάληκτα.
532 2493 570 2562 τὸ
590 2493 620 2560 ε’
648 2491 809 2580 ἰαμβικὸν
831 2489 1063 2583 ἓφθημιμερές.
1108 2491 1141 2559 ἒν
1174 2491 1325 2562 1ἐκθέσει
1352 2494 1389 2562 δὲ

278 2596 432 2688 τρίμετρα
452 2597 519 2668 δυό.
554 2596 613 2665 ἐπὶ
634 2604 682 2687 τῷ
705 2596 791 2665 τέλει
814 2594 978 2686 noemia]

367 2729 607 2790 1337-1371.
647 2716 799 2805 γενοίμαν
822 2709 917 2797 ἀετός
941 2741 951 2785 2
986 2714 1170 2803 [Είσθεσις
1192 2715 1303 2808 ἑτέρας
1326 2743 1389 2785 πε-

278 2820 388 2913 ριόδου
417 2821 528 2891 κοίλων
556 2822 612 2890 καί
639 2820 756 2905 στίχων
781 2817 843 2904 λζ’.
887 2813 929 2888 ὧν
958 2822 1001 2888 τὰ
1023 2817 1060 2887 α’
1083 2817 1140 2888 δίο
1169 2820 1389 2891 ἀναπαιστικόν

278 2926 413 3017 δίμετρα
435 2920 647 3017 ἀκατάληκτα.
670 2927 709 2995 τὸ
730 2924 841 3016 τρίτον
861 2922 1013 3011 ἰαμβικὸν
1033 2920 1261 3016 ἓφθημιμερίς.
1293 2926 1332 2995 τὸ
1353 2922 1388 3008 ς’

278 3034 381 3100 κῶλον
399 3031 596 3121 μονόμετρον
625 3025 932 3120 βραχυκατάληκτυν.
977 3025 1009 3095 οί
1033 3022 1068 3095 δ’
1095 3027 1186 3097 ἀλλοι
1213 3028 1388 3121 τρίμετροι.

279 3135 338 3204 ἐπί
360 3141 433 3215 ταῖς
452 3129 642 3202 ἀποθέσεσι
662 3135 716 3201 καί
737 3138 784 3223 τῷ
805 3133 891 3200 τέλει
914 3131 1159 3222 παράχραφος.]]

303 3287 306 3294 ·
369 3265 604 3326 1372-1381.
663 3247 870 3339 ἀναπέτομαι
904 3249 944 3344 δή
973 3277 983 3322 ε
1019 3250 1092 3340 βἩ
1120 3250 1279 3341 ἀμοιβαία
1311 3253 1390 3345 αὕτη

279 3358 435 3450 περίοδος
455 3362 595 3449 προῳδῴ
605 3348 707 3449 1χοροῦ
728 3359 829 3441 ἔοικε,
856 3354 968 3426 κώλων
990 3357 1047 3424 καί
1069 3355 1184 3441 στίχων
1207 3352 1288 3426 οὖσα
1310 3351 1391 3426 ἀνα-

280 3467 465 3531 παιστικῶν
496 3463 553 3531 καί
590 3460 749 3549 ἰαμβικῶν
771 3459 810 3545 ι’,
846 3460 1103 3548 ἐπιμεμιγμένων
1131 3458 1390 3550 τετραβράχεσιν.

280 3561 324 3633 ὧν
345 3568 384 3635 τὸ
410 3567 447 3634 α’
469 3564 708 3635 ἀναπαιστικόν
737 3563 978 3656 πενθημιμερὲς
1007 3570 1064 3633 τοῦ
1086 3564 1124 3630 α’
1148 3566 1253 3645 ποδὸς
1275 3591 1391 3655 τετρα-
1458 3581 1491 3596 ““

279 3667 424 3759 βράχεος.
467 3672 506 3738 τὸ
527 3667 564 3756 β’
594 3669 744 3760 δίμετρον
773 3670 1008 3760 καταληκτικὸν
1036 3666 1083 3748 εἰς
1104 3664 1307 3754 δισίλλαβον.
1350 3671 1391 3739 τὸ

278 3772 389 3863 τρίτον
411 3772 560 3865 δίμετρον
580 3771 889 3864 βραχυκατάληκτον.
912 3770 944 3840 οἰ
966 3771 1010 3858 δ’,
1035 3768 1075 3855 ζ’,
1097 3768 1132 3863 η’
1153 3770 1303 3859 ἰαμβικοί
1323 3771 1390 3861 τρί-

279 3904 392 3967 μετροι
421 3872 646 3969 ἀκατάληκτοι.
691 3880 728 3947 τὸ
758 3874 788 3947 ε’
810 3871 1027 3967 ἀναπαιστικὴ
1054 3877 1151 3963 βάσις
1178 3878 1391 3969 καταληκτικὴ

280 3981 329 4062 εἰς
342 3979 543 4070 δισίλλαβον.
564 3984 603 4051 τὸ
618 3983 652 4065 ς’
671 3980 787 4067 ὅμοιον
809 3989 857 4071 τῷ
877 3978 919 4069 χ’.
950 3981 988 4050 τὸ
1010 3979 1052 4048 θ’
1075 3978 1227 4067 ἰαμβικὸν
1241 3979 1391 4071 δίμετρον

279 4078 506 4176 ἀκατάληκτον.
537 4087 576 4157 τὸ
598 4084 624 4154 ι’
645 4084 885 4154 ἀναπαιστικόν
907 4084 1177 4175 πενθημιμερές]

367 4316 382 4369 1
403 4320 525 4370 εἰσθέσει
540 4315 602 4374 ΑῙδ.
