3134 4984
1242 282 1293 337 107

185 459 247 505 non
271 457 392 504 errasse
413 458 465 504 me
487 441 562 523 puto
586 438 774 506 scribentem
794 438 859 506 illis
880 440 958 505 locis
973 434 1189 519 ἐξελθόντων,
1211 439 1294 524 quod

184 544 343 609 invenitur
364 544 398 608 in
420 544 516 609 schol.
536 542 673 610 Acheru.
690 551 772 609 836:
795 540 995 623 ἐξελθόντων
1016 546 1079 607 τῶν
1097 538 1293 630 ὑποκριτῶν.

185 646 518 740 111111111111111111111
536 647 728 734 adscriptam
756 649 935 716 invenimus
965 648 999 713 in
1019 648 1080 714 fine
1099 648 1197 714 totius
1219 647 1292 715 dra-

95 781 98 786 *
183 753 279 817 malis
308 751 346 818 ef.
374 751 471 817 schol.
503 771 572 837 pac.
597 758 699 833 1353,
734 746 787 838 ὑφ’
816 742 837 815 ii
871 748 1005 837 κορωνὶς
1018 752 1089 826 ,τοῦ
1120 745 1294 835 δράματος,

183 852 286 948 citatos
314 849 520 942 Ἡλιόδωρος
550 856 702 925 11111111.
725 875 772 940 eq.
798 862 898 936 1335,
935 853 991 921 καὶ
1016 853 1099 937 μετὰ
1125 851 1162 922 τὸ
1186 854 1291 920 τελευ-

183 962 276 1025 ταῖον
298 957 433 1042 κορωνὶς
454 953 473 1046 ἡ
494 963 553 1024 τοῦ
575 954 739 1047 δράματος
760 943 846 1025 etin
872 960 969 1026 schol.
985 961 1058 1025 nub.
1076 965 1177 1039 1452,
1200 980 1292 1043 quem

182 1065 289 1129 locum
310 1063 426 1129 veteris
450 1062 637 1129 scholiastae
659 1083 726 1130 esse
747 1063 781 1129 in
801 1066 909 1149 aperto
933 1065 997 1133 est:
1031 1057 1081 1149 ἐφ’
1107 1051 1134 1149 ᾦ
1156 1060 1309 1150 κορωνὶς

183 1163 202 1254 ἡ
225 1163 278 1231 καὶ
301 1163 338 1232 τδ
359 1166 466 1252 δρᾶμα
487 1157 785 1253 ἅποπερατέζουσα.

270 1271 463 1356 Paragraphi
491 1272 629 1357 signum,
668 1291 739 1337 cum
760 1272 795 1336 in
822 1271 1004 1338 recentioris
1025 1271 1176 1355 temporis
1200 1272 1292 1337 scho-

182 1377 234 1442 liis
255 1375 435 1460 saepissime
461 1377 740 1454 commemoretur,
763 1378 798 1440 in
823 1375 1049 1459 antiquioribus
1069 1395 1132 1441 non
1157 1356 1321 1548 occurrit}

184 1480 246 1546 nisi
273 1480 307 1545 iu
337 1479 433 1548 schol.
456 1499 524 1562 pac.
541 1487 617 1558 973,
648 1473 859 1565 παράγραφοι
893 1475 930 1544 δὲ
961 1474 1075 1545 ἁπλαῖ.
1127 1479 1293 1545 adhibetur

182 1584 280 1669 igitur
298 1584 512 1667 paragraphus
536 1584 575 1649 ad
596 1583 801 1650 discernenda
823 1583 1018 1650 semichoria.
1055 1584 1096 1649 ad
1111 1566 1311 1698 significan-i

183 1690 256 1755 dam
285 1684 489 1772 personarum
520 1689 759 1754 alternationem
790 1690 1006 1774 paragraphus
1033 1683 1292 1754 111111111111111Ι
1322 1683 1324 1688 ’

182 1792 340 1876 adscripta
359 1793 470 1870 fuerit,
489 1795 594 1858 tamen
618 1813 637 1858 a
658 1793 828 1858 scholiasta
849 1795 954 1860 vetere
975 1810 1131 1876 nusquam
1153 1811 1291 1858 comme·

182 1900 331 1964 moratur.
348 1934 383 1944 —-
405 1898 484 1962 haec
498 1897 601 1975 habui,
618 1916 696 1981 quae
715 1896 850 1963 dicerem
865 1897 903 1963 de
919 1895 1064 1981 signandi
1079 1916 1138 1963 usu
1153 1898 1186 1962 in
1204 1899 1291 1963 vete·

182 2001 268 2067 ribus
291 2001 417 2066 scholiis
441 2001 671 2084 simplicissimo
695 2003 727 2065 11
750 2001 796 2066 ita
817 2002 857 2066 ab
875 2000 1120 2084 Hephaestionis
1142 2002 1175 2066 et
1199 2002 1290 2068 scho-

181 2092 345 2171 liastarum
364 2095 547 2189 posterioris
570 2104 721 2189 temporis
736 2105 948 2189 discrepante,
971 2107 1007 2169 ut
1022 2104 1055 2169 in
1074 2104 1290 2187 conquirendis

182 2209 463 2295 componendisque
492 2208 620 2275 scholiis
650 2211 813 2293 tamquam
840 2209 951 2274 ducem
984 2227 1056 2274 eum
1078 2208 1172 2275 liceat
1203 2208 1292 2292 sequi

184 2313 346 2395 optimum.
1264 2360 1269 2366 -

212 2448 216 2456 ·
272 2417 350 2483 Cum
378 2417 565 2483 scholiastae
594 2417 775 2499 posterioris
797 2416 947 2501 temporis
972 2417 1112 2501 singulas
1142 2418 1291 2485 dramatis

137 2576 140 2580 .
183 2523 289 2605 partes
308 2520 420 2586 iisdem
441 2521 553 2604 quibus
566 2519 759 2605 Hephaestio
780 2520 958 2587 nominibus
981 2522 1137 2606 appellare
1160 2523 1291 2603 soleant,

184 2627 275 2692 vetus
298 2626 468 2691 scholiasta
489 2625 648 2692 nonnullis
668 2625 824 2708 discrepat
846 2645 919 2691 cum
940 2611 1073 2708 eodem(
1097 2646 1134 2692 ac
1154 2628 1291 2712 primum

163 2729 223 2801 ,de
252 2729 398 2813 parabasi
425 2730 486 2795 hoc
521 2730 619 2795 tradit
648 2730 835 2796 scholiasta:
880 2730 949 2796 tota
981 2732 1141 2815 parabasis
1166 2732 1291 2817 integra

184 2829 360 2918 appellatur
379 2829 486 2898 τελεία
506 2833 617 2916 (schol.
637 2837 684 2916 eq'.
699 2841 779 2913 498,
803 2833 1034 2918 1111111626)
1055 2837 1109 2901 aut
1124 2830 1160 2900 οδ
1175 2832 1292 2916 τελεία,

185 2937 212 3001 si
240 2936 352 3003 desunt
379 2939 484 3023 partes
511 2937 620 3020 (schol.
640 2957 708 3022 pac.
733 2939 819 3019 729).
863 2939 1003 3022 priorum
1030 2939 1127 3006 trium
1151 2939 1291 3023 partium

184 3034 430 3122 ἀπολελυμένον
464 3041 586 3107 iisdem
621 3042 722 3107 utitur
760 3043 850 3108 vetus
893 3042 1061 3109 scholiasta
1101 3044 1291 3127 nominibus,

185 3145 295 3228 quibus
317 3145 526 3228 Hephaestio,
562 3145 696 3229 primam
716 3165 832 3211 vocans
859 3139 1038 3228 κομμάτιον
1071 3148 1131 3235 (eq.
1148 3156 1210 3215 498
1232 3144 1290 3236 δίρ-

182 3270 271 3327 γεται
293 3254 350 3335 τῆς
371 3245 566 3336 καλουμένης
594 3242 827 3334 παραβάσεως,
848 3268 916 3334 pao.
934 3257 1013 3330 729,
1044 3250 1183 3320 Acharn.
1204 3258 1315 3340 626)‚.

184 3351 354 3418 secundam
382 3345 586 3435 παράβασιν,
615 3352 675 3436 (eq.
698 3359 777 3433 507,
800 3373 867 3438 pac.
886 3357 977 3439 733),
1005 3356 1290 3443 tertiam'denique

183 3506 202 3535 „
213 3457 327 3538 πνῖγος
347 3451 367 3543 ἢ
387 3449 547 3542 μακρόνῑί,
585 3458 674 3523 ouius
700 3458 835 3523 nominis
864 3478 963 3525 unum
987 3461 1111 3525 tanturn
1133 3461 1291 3529 invenitur

185 3558 361 3643 exemplum
375 3559 551 3626 intharn.
562 3561 659 3627 schol.
670 3567 744 3626 659.
769 3560 902 3627 discedit
916 3565 1020 3629 autem
1033 3565 1073 3630 ab
1080 3565 1290 3650 Hephaestio-

184 3663 233 3729 nia
261 3663 441 3748 appellandi
467 3683 553 3731 more
591 3701 633 3711 —
669 3668 790 3732 ceteras
824 3664 907 3730 κατὰ
939 3665 1048 3747 σχέσιν
1074 3669 1292 3756 γεγραμμένας

183 3771 305 3851 partes,
333 3767 413 3834 oden
432 3771 465 3834 et
483 3770 741 3852 opirrhemauno
763 3770 888 3836 nomine
908 3772 1173 3856 comprehendens
1195 3771 1290 3862 ἑπιρ-

183 3877 359 3959 ριγματικῐγς
380 3868 529 3956 συζυγίας
556 3870 642 3938 κατὰ·
659 3873 841 3961 περικοπὴν
869 3869 1118 3962 ἀνομοιομεροῦς
1139 3878 1291 3966 δυαδικῆς

183 3975 440 4063 (1111τρισδικῗγς
462 3966 499 4041 οὗ
519 3980 646 4055 πυκνῶς
667 3974 863 4065 γενομένης),
894 3979 982 4045 errius
1003 3980 1089 4063 prior
1110 4001 1184 4065 pars
1206 3983 1290 4066 (ode)

183 4082 314 4145 vocatur
335 4130 354 4161 ,,
365 4076 520 4166 περίοδος
539 4075 690 4169 μελικήίί,
712 4082 814 4150 111111
833 4085 940 4150 autem
962 4080 1154 4172 ,,σ1ιχική“.
1197 4087 1290 4153 huius

183 4184 231 4248 rei
251 4183 285 4248 in
308 4185 451 4250 omnibus
472 4185 587 4251 ueteris
609 4186 789 4271 interpretis
819 4187 945 4254 scholiis
968 4208 1126 4255 summum
1148 4192 1289 4260 videmus

182 4307 334 4388 aseneum
360 4290 398 4356 cf.
413 4290 512 4356 schol.
553 4310 622 4375 pac.
641 4297 744 4372 1127,
776 4312 825 4376 eq.
842 4298 923 4374 551,
947 4300 1041 4360 1263.
1062 4293 1199 4364 Acharn.
1215 4303 1288 4363 665.
