3134 4984
1231 311 1283 372 111

172 477 266 540 ιιιιι
287 472 397 539 codem
418 472 504 538 fonte
526 472 662 557 plurima
683 470 866 555 profiuxisse
883 473 1046 554 appareat,
1068 489 1132 535 ιιοιι
1147 470 1280 536 absurde

173 598 193 643 ι
222 577 294 643 dact
279 576 376 661 tylico
405 580 523 655 metro,
561 579 598 642 ut
633 576 698 654 illi,
734 574 959 660 auspicandum
993 593 1060 639 esse
1094 575 1282 640 censuimus

72 672 76 681 ’
171 684 339 766 prototypa
362 681 524 746 autemrn
546 680 705 746 retentus
726 680 854 744 scholiis
877 673 1073 762 reperiuntur
1095 680 1181 757 octo,
1207 679 1282 744 dac·
1384 667 1387 672 ’

171 786 319 871 cylicum,
356 786 607 869 anapaesticum,
638 784 824 862 iambicum,
852 783 1063 861 trochaicum,
1094 782 1281 848 choriambi-

172 909 259 967 cum,
279 890 444 974 antispast
435 909 535 969 rcum,
557 888 700 954 Ionicum
722 909 741 954 ι
762 888 881 953 maiore
903 889 935 952 et
956 888 1022 954 Ion.
1045 906 1064 952 ι
1085 888 1221 966 minore,
1250 889 1282 953 ιι

171 994 365 1077 paeonicum.
387 993 661 1078 proceleusmatici
683 994 788 1058 autem
811 1010 913 1074 neque
935 991 1023 1074 pedis
1044 1010 1145 1074 neque
1159 992 1282 1057 numeri

171 1098 206 1161 in
227 1097 387 1163 veteribus
411 1096 538 1163 scholiis
558 1097 677 1162 mentio
700 1096 746 1161 fit.

258 1218 319 1282 Ac·
335 1217 526 1301 dactylicum
552 1221 692 1283 metrum
718 1235 847 1283 caesum
868 1236 923 1301 peu·
949 1217 1090 1301 singulos
1115 1217 1211 1301 pedes
1233 1216 1282 1283 his

173 1322 316 1387 subsistit
337 1323 479 1389 versibus
510 1324 542 1386 et
564 1322 658 1400 colis,
701 1309 835 1405 quorum
857 1321 986 1386 minimo
1016 1322 1133 1405 pedum
1151 1340 1281 1389 numero

173 1427 298 1491 constat
320 1423 565 1490 δακτυλικδν
587 1425 768 1490 διπλοῦν
785 1424 838 1509 (cf.
863 1426 959 1490 schol.
982 1445 1050 1509 pac.
1066 1432 1128 1490 459
1147 1429 1180 1491 ιι
1196 1427 1281 1510 775).

174 1528 359 1594 offendimur
380 1549 433 1607 oo,
465 1528 547 1614 quod
570 1549 642 1595 cum
669 1529 765 1594 ceteri
787 1548 897 1594 versus
928 1530 1124 1614 appellentur
1145 1525 1284 1614 τρίπουν

173 1636 206 1698 ιι
219 1626 408 1716 τετράπουν,
431 1633 602 1699 scholiasta
620 1635 679 1698 hoc
701 1634 791 1697 colon
813 1632 974 1716 appellans
996 1634 1090 1699 aliam
1107 1633 1284 1699 adhibuerit

171 1736 306 1802 formam
329 1736 476 1801 διπλοῦν.
522 1739 662 1802 attamen
678 1756 748 1802 cam
770 1737 941 1820 genuinam
963 1755 1031 1803 esse
1055 1738 1128 1821 (nisi
1143 1738 1283 1804 scriben-

173 1839 248 1904 dum
268 1842 318 1904 est
340 1838 529 1916 δοκιιλικδς
550 1840 716 1923 διπλοῦς),
745 1841 903 1906 testantur
924 1840 986 1906 alia
1010 1842 1167 1924 permulta
1190 1843 1283 1909 huius

172 1943 296 2027 generis
318 1943 460 2027 exempla
491 1942 578 2011 velut
607 1945 640 2008 in
669 1944 767 2009 schol.
788 1964 856 2027 pac.
873 1950 935 2008 512
964 1934 1203 2012 ιιιοποιιοτιιδν
1233 1946 1283 2012 δι-

172 2047 290 2125 πλοῦν,
327 2047 406 2112 Ach.
425 2054 504 2126 284,
529 2054 606 2127 358,
643 2042 711 2129 δόχ
714 2070 774 2112 ιιον
795 2047 932 2113 crateae
953 2068 1021 2133 pac.
1037 2055 1118 2129 459
1145 2050 1284 2127 διπλοῦς

173 2149 252 2213 πυλι
254 2147 435 2233 μβοίκχειος.
480 2154 621 2236 sequitur
642 2149 892 2216 &cervicaria
913 2149 1090 2238 τρίπουν
1112 2154 1165 2238 (cf.
1186 2155 1284 2220 schol

171 2273 239 2339 pac
258 2260 319 2318 775
339 2258 372 2321 ιι
394 2255 487 2340 equit.
506 2256 619 2338 1263),
642 2255 724 2339 quod
746 2256 774 2319 si
795 2258 843 2321 est
868 2256 1085 2321 catalecticum
1106 2258 1283 2342 appellatur

177 2352 244 2434 Ῑείς
266 2355 492 2442 δισυλλυιβιοιν,
516 2360 564 2425 sin
588 2354 847 2425 ιιιιιιιιιιιιιι
819 2382 867 2436 εις
890 2355 1126 2445 τρισυλλαβίαν
1146 2361 1283 2445 tripudia

173 2457 221 2537 εἰς
240 2459 397 2550 συλλαβὴν
423 2463 606 2529 catalectico
637 2464 817 2529 nommetur
843 2462 1044 2543 δάκτυλος
1071 2470 1282 2552 πενθημι-

172 2558 303 2652 μερής.
348 2586 442 2650 quam
465 2568 600 2634 formam
623 2570 684 2634 etsi
710 2588 865 2653 nusquam
895 2570 1014 2648 exstat,
1052 2570 1167 2654 ubique
1189 2573 1283 2637 resti·

172 2670 322 2735 tuendam
345 2690 429 2751 esse,
461 2672 616 2737 similibus
645 2673 806 2737 nonnullis
829 2673 917 2739 velut
941 2667 1118 2757 χοριάμβος
1140 2668 1283 2762 ictupl-

172 2771 282 2860 μερής,
314 2774 397 2857 quod
425 2775 541 2859 legitur
562 2776 594 2839 ιιι
616 2777 712 2841 schol.
739 2776 813 2844 nub.
828 2784 892 2841 804
924 2779 957 2841 ιι
978 2769 1183 2854 οινάπιιιστος
1205 2801 1284 2842 πιν-

173 2874 355 2965 θυμιμερής
374 2879 408 2943 in
434 2881 530 2945 schol.
553 2880 625 2946 nub.
641 2882 723 2959 456,
757 2881 813 2946 ubi
830 2880 1011 2946 Dindorfius
1044 2884 1190 2961 ιιιιιοιιι,
1227 2902 1283 2966 per

172 2983 276 3047 totum
304 2982 459 3048 scholium
481 2983 519 3049 V.
551 2985 685 3050 scribere
715 2978 949 3072 ἓφιημημερὴς
976 2987 1008 3050 ιι
1036 2985 1285 3075 πενθημημιρὴς

172 3085 277 3170 (scrib.
308 3079 535 3174 ἓφθημιμιρὴς
565 3091 596 3153 ιι
618 3087 897 3175 πενθημιμερής),
926 3089 1042 3172 optime
1072 3089 1283 3157 confirmatur.

173 3208 288 3273 nequev
308 3191 399 3255 aliter
433 3190 525 3256 colon
555 3195 703 3276 quattuor
736 3191 867 3276 pedibus
901 3193 1073 3258 subsistens
1107 3195 1293 3277 appellatur-

172 3291 406 3380 τετράπουν
430 3291 491 3373 εἰς
512 3292 813 3380 τρισολλοιβίαυ
834 3297 867 3361 in
885 3297 983 3366 schol.
999 3317 1067 3380 pac.
1086 3305 1159 3378 775,
1181 3298 1282 3366 idem·

174 3416 232 3482 quc
257 3399 477 3464 catalecticum
499 3395 546 3477 εἰς
570 3394 743 3488 συλλαβήν,
774 3397 929 3479 δάκτυλος
950 3395 1191 3489 ἓφιιιιμιμερὴς,
1224 3405 1284 3469 eti·

174 3502 254 3567 amsi
285 3503 318 3567 in
348 3505 444 3569 schol.
475 3523 522 3589 eq.
547 3510 630 3569 1263
669 3503 795 3588 legatur
827 3503 1016 3569 δακτυλικδι
1050 3499 1283 3592 ἓφιιημιμερὲς.

173 3608 363 3689 pentametri
384 3606 561 3691 exemplum
582 3627 646 3673 non
666 3608 837 3692 reperitur,
875 3609 925 3674 cui
954 3610 981 3674 si
1006 3608 1166 3694 praecedit
1186 3612 1283 3678 hexa-

173 3713 311 3776 metrum
333 3711 538 3794 dactylicum,
557 3714 626 3777 tota
646 3713 725 3778 haec
740 3713 924 3796 compositio
945 3715 1125 3779 nominatur
1148 3712 1285 3800 ἐλεγεῖον

173 3806 359 3899 Ἀρχιλόχου
382 3815 421 3880 cf.
443 3816 539 3880 schol.
563 3835 632 3899 pac.
657 3823 751 3881 1283.
796 3816 932 3881 metrum
961 3819 1068 3883 autem
1087 3819 1283 3904 Χοιριλιῖον,

175 3917 262 3982 cuius
285 3919 462 4003 exemplum
484 3921 587 3984 exstat
601 3918 634 3984 in
649 3920 745 3987 schol.
760 3920 834 3987 nub.
851 3927 914 3986 467
938 3919 1137 3987 distribuitur
1157 3922 1190 3987 iu
1206 3922 1283 3988 duas
1325 3965 1328 3968 -

262 4165 277 4218 1
305 4159 385 4231 Apud
412 4159 640 4233 Hephaestionem
672 4165 753 4233 atque
781 4160 941 4219 scholiastes
970 4160 1126 4219 recentioris
1154 4164 1284 4234 temporis

173 4249 275 4317 legitur
301 4255 340 4309 ιις
364 4249 534 4318 δισύλλαβοι
559 4255 587 4305 ιι
609 4250 807 4323 ambitiosos,
840 4257 879 4312 εἰς
904 4254 1087 4320 δισυλλαβίιιν
1113 4251 1230 4307 traditur
1254 4254 1283 4309 in

173 4335 256 4390 schol.
274 4335 309 4390 ad
327 4337 534 4405 Hephaestionis
553 4338 649 4406 capu
666 4337 832 4407 conscriptis.
