<?xml version="1.0" encoding="UTF-8"?>
<!DOCTYPE html PUBLIC "-//W3C//DTD XHTML 1.0 Transitional//EN"
    "http://www.w3.org/TR/xhtml1/DTD/xhtml1-transitional.dtd">
<html xmlns="http://www.w3.org/1999/xhtml" xml:lang="en" lang="en">
 <head>
  <title>
</title>
<meta http-equiv="Content-Type" content="text/html;charset=utf-8" />
  <meta name='ocr-system' content='tesseract 3.04.00' />
  <meta name='ocr-capabilities' content='ocr_page ocr_carea ocr_par ocr_line ocrx_word'/>
</head>
<body>
  <div class='ocr_page' id='page_1' title='image "./colometriaearis00unkngoog_0107.png"; bbox 0 0 3134 4984; ppageno 0'>
   <div class='ocr_carea' id='block_1_1' title="bbox 177 988 1335 3727">
    <p class='ocr_par' dir='ltr' id='par_1_1' title="bbox 177 988 1335 3727">
     <span class='ocr_line' id='line_1_1' title="bbox 271 988 1293 1121; baseline 0.005 -22"><span class='ocrx_word' id='word_1_1' title='bbox 271 988 317 1100; x_wconf 75' lang='lat' dir='ltr'><strong>In</strong></span> <span class='ocrx_word' id='word_1_2' title='bbox 340 1034 558 1119; x_wconf 82' lang='lat' dir='ltr'>conquirendis</span> <span class='ocrx_word' id='word_1_3' title='bbox 579 1036 787 1115; x_wconf 81' lang='lat' dir='ltr'><strong>scholiorum,</strong></span> <span class='ocrx_word' id='word_1_4' title='bbox 811 1056 890 1119; x_wconf 87' lang='lat' dir='ltr'><strong>quae</strong></span> <span class='ocrx_word' id='word_1_5' title='bbox 908 1038 1075 1121; x_wconf 90' lang='lat' dir='ltr'><strong>supersunt</strong></span> <span class='ocrx_word' id='word_1_6' title='bbox 1089 1039 1293 1105; x_wconf 79' lang='lat' dir='ltr'><strong>metricorum</strong></span> 
     </span>
     <span class='ocr_line' id='line_1_2' title="bbox 182 1143 1292 1231; baseline 0 -20"><span class='ocrx_word' id='word_1_7' title='bbox 182 1143 366 1231; x_wconf 76' lang='lat' dir='ltr'><strong>fragmentis</strong></span> <span class='ocrx_word' id='word_1_8' title='bbox 395 1145 426 1208; x_wconf 91' lang='lat' dir='ltr'><strong>et</strong></span> <span class='ocrx_word' id='word_1_9' title='bbox 449 1162 556 1208; x_wconf 89' lang='lat' dir='ltr'><strong>eorum</strong></span> <span class='ocrx_word' id='word_1_10' title='bbox 578 1143 777 1227; x_wconf 87' lang='lat' dir='ltr'><strong>potissimum</strong></span> <span class='ocrx_word' id='word_1_11' title='bbox 806 1165 887 1228; x_wconf 87' lang='lat' dir='ltr'><strong>quae</strong></span> <span class='ocrx_word' id='word_1_12' title='bbox 919 1144 958 1210; x_wconf 84' lang='lat' dir='ltr'><strong>ad</strong></span> <span class='ocrx_word' id='word_1_13' title='bbox 980 1145 1187 1210; x_wconf 85' lang='lat' dir='ltr'><strong>Heliodorum</strong></span> <span class='ocrx_word' id='word_1_14' title='bbox 1210 1146 1292 1212; x_wconf 84' lang='lat' dir='ltr'><strong>rele-</strong></span> 
     </span>
     <span class='ocr_line' id='line_1_3' title="bbox 181 1247 1292 1328; baseline -0.001 -13"><span class='ocrx_word' id='word_1_15' title='bbox 181 1249 279 1316; x_wconf 88' lang='lat' dir='ltr'><strong>renda</strong></span> <span class='ocrx_word' id='word_1_16' title='bbox 307 1250 397 1328; x_wconf 89' lang='lat' dir='ltr'><strong>sunt,</strong></span> <span class='ocrx_word' id='word_1_17' title='bbox 435 1249 560 1313; x_wconf 87' lang='lat' dir='ltr'><strong>etiamsi</strong></span> <span class='ocrx_word' id='word_1_18' title='bbox 588 1247 722 1313; x_wconf 91' lang='lat' dir='ltr'><strong>nominis</strong></span> <span class='ocrx_word' id='word_1_19' title='bbox 749 1248 889 1314; x_wconf 89' lang='lat' dir='ltr'><strong>eiusdem</strong></span> <span class='ocrx_word' id='word_1_20' title='bbox 918 1249 1036 1314; x_wconf 89' lang='lat' dir='ltr'><strong>mentio</strong></span> <span class='ocrx_word' id='word_1_21' title='bbox 1059 1250 1182 1314; x_wconf 86' lang='lat' dir='ltr'><strong>nonnisi</strong></span> <span class='ocrx_word' id='word_1_22' title='bbox 1200 1250 1237 1315; x_wconf 91' lang='lat' dir='ltr'><strong>fit</strong></span> <span class='ocrx_word' id='word_1_23' title='bbox 1258 1251 1292 1315; x_wconf 92' lang='lat' dir='ltr'><strong>in</strong></span> 
     </span>
     <span class='ocr_line' id='line_1_4' title="bbox 182 1351 1293 1436; baseline 0.001 -17"><span class='ocrx_word' id='word_1_24' title='bbox 182 1353 308 1419; x_wconf 86' lang='lat' dir='ltr'><strong>scholiis</strong></span> <span class='ocrx_word' id='word_1_25' title='bbox 343 1351 459 1417; x_wconf 89' lang='lat' dir='ltr'><strong>codicis</strong></span> <span class='ocrx_word' id='word_1_26' title='bbox 491 1351 606 1417; x_wconf 87' lang='lat' dir='ltr'><strong>Veneti</strong></span> <span class='ocrx_word' id='word_1_27' title='bbox 637 1352 689 1435; x_wconf 87' lang='lat' dir='ltr'><strong>(cf.</strong></span> <span class='ocrx_word' id='word_1_28' title='bbox 723 1354 966 1436; x_wconf 77' lang='lat' dir='ltr'><strong>subscriptiones</strong></span> <span class='ocrx_word' id='word_1_29' title='bbox 1000 1353 1033 1417; x_wconf 93' lang='lat' dir='ltr'><strong>in</strong></span> <span class='ocrx_word' id='word_1_30' title='bbox 1065 1352 1127 1419; x_wconf 91' lang='lat' dir='ltr'><strong>fine</strong></span> <span class='ocrx_word' id='word_1_31' title='bbox 1157 1354 1230 1421; x_wconf 91' lang='lat' dir='ltr'><strong>nub.</strong></span> <span class='ocrx_word' id='word_1_32' title='bbox 1261 1355 1293 1420; x_wconf 92' lang='lat' dir='ltr'><strong>ct</strong></span> 
     </span>
     <span class='ocr_line' id='line_1_5' title="bbox 180 1455 1293 1542; baseline 0.002 -20"><span class='ocrx_word' id='word_1_33' title='bbox 180 1457 265 1542; x_wconf 86' lang='lat' dir='ltr'><strong>pacis</strong></span> <span class='ocrx_word' id='word_1_34' title='bbox 302 1457 335 1522; x_wconf 92' lang='lat' dir='ltr'><strong>et</strong></span> <span class='ocrx_word' id='word_1_35' title='bbox 363 1455 460 1521; x_wconf 89' lang='lat' dir='ltr'><strong>schol.</strong></span> <span class='ocrx_word' id='word_1_36' title='bbox 483 1475 550 1538; x_wconf 86' lang='lat' dir='ltr'><strong>pac.</strong></span> <span class='ocrx_word' id='word_1_37' title='bbox 573 1461 658 1520; x_wconf 84' lang='lat'>1353</span> <span class='ocrx_word' id='word_1_38' title='bbox 682 1458 714 1521; x_wconf 87' lang='lat' dir='ltr'><strong>et</strong></span> <span class='ocrx_word' id='word_1_39' title='bbox 736 1476 820 1541; x_wconf 88' lang='lat' dir='ltr'><strong>vesp.</strong></span> <span class='ocrx_word' id='word_1_40' title='bbox 838 1463 921 1523; x_wconf 80' lang='lat'>1277</span> <span class='ocrx_word' id='word_1_41' title='bbox 933 1505 941 1535; x_wconf 92' lang='lat'><strong>,</strong></span> <span class='ocrx_word' id='word_1_42' title='bbox 979 1456 1017 1521; x_wconf 94' lang='lat' dir='ltr'><strong>de</strong></span> <span class='ocrx_word' id='word_1_43' title='bbox 1046 1456 1157 1542; x_wconf 84' lang='lat' dir='ltr'><strong>quibus</strong></span> <span class='ocrx_word' id='word_1_44' title='bbox 1183 1459 1293 1541; x_wconf 88' lang='lat' dir='ltr'><strong>postea</strong></span> 
     </span>
     <span class='ocr_line' id='line_1_6' title="bbox 181 1559 1292 1646; baseline 0.001 -19"><span class='ocrx_word' id='word_1_45' title='bbox 181 1559 357 1627; x_wconf 83' lang='lat' dir='ltr'><strong>accuratius</strong></span> <span class='ocrx_word' id='word_1_46' title='bbox 379 1560 529 1643; x_wconf 85' lang='lat' dir='ltr'><strong>dicemus)</strong></span> <span class='ocrx_word' id='word_1_47' title='bbox 558 1561 680 1638; x_wconf 84' lang='lat' dir='ltr'><strong>tamen,</strong></span> <span class='ocrx_word' id='word_1_48' title='bbox 719 1560 803 1643; x_wconf 90' lang='lat' dir='ltr'><strong>quod</strong></span> <span class='ocrx_word' id='word_1_49' title='bbox 825 1562 976 1646; x_wconf 89' lang='lat' dir='ltr'><strong>praebent</strong></span> <span class='ocrx_word' id='word_1_50' title='bbox 998 1561 1054 1626; x_wconf 88' lang='lat' dir='ltr'><strong>alii</strong></span> <span class='ocrx_word' id='word_1_51' title='bbox 1075 1561 1135 1626; x_wconf 92' lang='lat' dir='ltr'><strong>duo</strong></span> <span class='ocrx_word' id='word_1_52' title='bbox 1159 1562 1292 1643; x_wconf 91' lang='lat' dir='ltr'><strong>codices,</strong></span> 
     </span>
     <span class='ocr_line' id='line_1_7' title="bbox 182 1664 1335 1750; baseline 0.001 -19"><span class='ocrx_word' id='word_1_53' title='bbox 182 1665 348 1731; x_wconf 78' lang='lat' dir='ltr'><strong>Ravennae</strong></span> <span class='ocrx_word' id='word_1_54' title='bbox 379 1664 411 1729; x_wconf 92' lang='lat' dir='ltr'><strong>et</strong></span> <span class='ocrx_word' id='word_1_55' title='bbox 446 1664 694 1744; x_wconf 81' lang='lat' dir='ltr'><strong>Laurentianus,</strong></span> <span class='ocrx_word' id='word_1_56' title='bbox 739 1682 936 1749; x_wconf 90' lang='lat' dir='ltr'><strong>nequaquam</strong></span> <span class='ocrx_word' id='word_1_57' title='bbox 977 1664 1200 1750; x_wconf 85' lang='lat' dir='ltr'><strong>negligendum</strong></span> <span class='ocrx_word' id='word_1_58' title='bbox 1233 1668 1291 1732; x_wconf 89' lang='lat' dir='ltr'><strong>est.</strong></span> <span class='ocrx_word' id='word_1_59' title='bbox 1332 1705 1335 1720; x_wconf 62' lang='grc' dir='ltr'>ι</span> 
     </span>
     <span class='ocr_line' id='line_1_8' title="bbox 183 1768 1291 1856; baseline 0.002 -24"><span class='ocrx_word' id='word_1_60' title='bbox 183 1787 316 1851; x_wconf 89' lang='lat' dir='ltr'><strong>namque</strong></span> <span class='ocrx_word' id='word_1_61' title='bbox 343 1768 377 1831; x_wconf 92' lang='lat' dir='ltr'><strong>in</strong></span> <span class='ocrx_word' id='word_1_62' title='bbox 398 1769 581 1856; x_wconf 79' lang='lat' dir='ltr'><strong>Rapennate</strong></span> <span class='ocrx_word' id='word_1_63' title='bbox 612 1768 718 1834; x_wconf 89' lang='lat' dir='ltr'><strong>codice</strong></span> <span class='ocrx_word' id='word_1_64' title='bbox 745 1772 777 1834; x_wconf 89' lang='lat' dir='ltr'><strong>ct</strong></span> <span class='ocrx_word' id='word_1_65' title='bbox 806 1770 910 1835; x_wconf 84' lang='lat' dir='ltr'><strong>aetate</strong></span> <span class='ocrx_word' id='word_1_66' title='bbox 941 1770 973 1835; x_wconf 91' lang='lat' dir='ltr'><strong>et</strong></span> <span class='ocrx_word' id='word_1_67' title='bbox 995 1770 1182 1836; x_wconf 84' lang='lat' dir='ltr'><strong>auctoritate</strong></span> <span class='ocrx_word' id='word_1_68' title='bbox 1204 1770 1291 1854; x_wconf 89' lang='lat' dir='ltr'><strong>prin·</strong></span> 
     </span>
     <span class='ocr_line' id='line_1_9' title="bbox 183 1871 1292 1957; baseline 0.005 -21"><span class='ocrx_word' id='word_1_69' title='bbox 183 1871 266 1956; x_wconf 90' lang='lat' dir='ltr'><strong>cipe,</strong></span> <span class='ocrx_word' id='word_1_70' title='bbox 317 1891 402 1945; x_wconf 33' lang='lat' dir='ltr'><strong>curn,</strong></span> <span class='ocrx_word' id='word_1_71' title='bbox 420 1873 526 1937; x_wconf 88' lang='lat' dir='ltr'><strong>careat</strong></span> <span class='ocrx_word' id='word_1_72' title='bbox 557 1873 805 1955; x_wconf 83' lang='lat' dir='ltr'><strong>Byzantinorum</strong></span> <span class='ocrx_word' id='word_1_73' title='bbox 844 1875 1122 1957; x_wconf 87' lang='lat' dir='ltr'><strong>grammaticorum</strong></span> <span class='ocrx_word' id='word_1_74' title='bbox 1159 1876 1292 1941; x_wconf 69' lang='lat' dir='ltr'><strong>{annota-=</strong></span> 
     </span>
     <span class='ocr_line' id='line_1_10' title="bbox 181 1976 1292 2059; baseline 0.006 -19"><span class='ocrx_word' id='word_1_75' title='bbox 181 1976 335 2054; x_wconf 88' lang='lat' dir='ltr'><strong>tionibus,</strong></span> <span class='ocrx_word' id='word_1_76' title='bbox 356 1976 514 2059; x_wconf 90' lang='lat' dir='ltr'><strong>permulta</strong></span> <span class='ocrx_word' id='word_1_77' title='bbox 535 1976 710 2041; x_wconf 87' lang='lat' dir='ltr'><strong>videbimus</strong></span> <span class='ocrx_word' id='word_1_78' title='bbox 734 1978 885 2043; x_wconf 89' lang='lat' dir='ltr'><strong>sincerius</strong></span> <span class='ocrx_word' id='word_1_79' title='bbox 908 1977 1025 2046; x_wconf 84' lang='lat' dir='ltr'><strong>tradita</strong></span> <span class='ocrx_word' id='word_1_80' title='bbox 1047 1981 1103 2045; x_wconf 88' lang='lat' dir='ltr'><strong>aut</strong></span> <span class='ocrx_word' id='word_1_81' title='bbox 1124 1999 1161 2045; x_wconf 88' lang='lat' dir='ltr'><strong>ea</strong></span> <span class='ocrx_word' id='word_1_82' title='bbox 1177 1979 1292 2047; x_wconf 87' lang='lat' dir='ltr'><strong>omissa</strong></span> 
     </span>
     <span class='ocr_line' id='line_1_11' title="bbox 182 2079 1291 2165; baseline 0.003 -21"><span class='ocrx_word' id='word_1_83' title='bbox 182 2098 264 2158; x_wconf 87' lang='lat' dir='ltr'><strong>esse,</strong></span> <span class='ocrx_word' id='word_1_84' title='bbox 287 2097 366 2163; x_wconf 89' lang='lat' dir='ltr'><strong>quae</strong></span> <span class='ocrx_word' id='word_1_85' title='bbox 388 2079 421 2143; x_wconf 92' lang='lat' dir='ltr'><strong>in</strong></span> <span class='ocrx_word' id='word_1_86' title='bbox 444 2079 550 2144; x_wconf 86' lang='lat' dir='ltr'><strong>codice</strong></span> <span class='ocrx_word' id='word_1_87' title='bbox 564 2080 686 2145; x_wconf 86' lang='lat' dir='ltr'><strong>Veneto</strong></span> <span class='ocrx_word' id='word_1_88' title='bbox 709 2081 916 2146; x_wconf 89' lang='lat' dir='ltr'><strong>arecentiore</strong></span> <span class='ocrx_word' id='word_1_89' title='bbox 938 2100 1034 2146; x_wconf 90' lang='lat' dir='ltr'><strong>manu</strong></span> <span class='ocrx_word' id='word_1_90' title='bbox 1052 2081 1194 2165; x_wconf 87' lang='lat' dir='ltr'><strong>profecta</strong></span> <span class='ocrx_word' id='word_1_91' title='bbox 1208 2085 1291 2149; x_wconf 86' lang='lat' dir='ltr'><strong>sunt.</strong></span> 
     </span>
     <span class='ocr_line' id='line_1_12' title="bbox 180 2183 1293 2268; baseline 0.003 -19"><span class='ocrx_word' id='word_1_92' title='bbox 180 2203 280 2268; x_wconf 83' lang='lat' dir='ltr'><strong>noque</strong></span> <span class='ocrx_word' id='word_1_93' title='bbox 299 2184 404 2249; x_wconf 89' lang='lat' dir='ltr'><strong>minus</strong></span> <span class='ocrx_word' id='word_1_94' title='bbox 427 2183 525 2249; x_wconf 82' lang='lat' dir='ltr'><strong>codex</strong></span> <span class='ocrx_word' id='word_1_95' title='bbox 544 2184 788 2263; x_wconf 82' lang='lat' dir='ltr'><strong>Laurentianus,</strong></span> <span class='ocrx_word' id='word_1_96' title='bbox 811 2184 865 2267; x_wconf 92' lang='lat' dir='ltr'><strong>qui</strong></span> <span class='ocrx_word' id='word_1_97' title='bbox 888 2186 1012 2250; x_wconf 91' lang='lat' dir='ltr'><strong>omnino</strong></span> <span class='ocrx_word' id='word_1_98' title='bbox 1035 2186 1136 2251; x_wconf 89' lang='lat' dir='ltr'><strong>multa</strong></span> <span class='ocrx_word' id='word_1_99' title='bbox 1159 2188 1192 2252; x_wconf 94' lang='lat' dir='ltr'><strong>et</strong></span> <span class='ocrx_word' id='word_1_100' title='bbox 1210 2187 1293 2253; x_wconf 91' lang='lat' dir='ltr'><strong>bona</strong></span> 
     </span>
     <span class='ocr_line' id='line_1_13' title="bbox 182 2287 1292 2365; baseline 0.004 -12"><span class='ocrx_word' id='word_1_101' title='bbox 182 2307 254 2353; x_wconf 89' lang='lat' dir='ltr'><strong>cum</strong></span> <span class='ocrx_word' id='word_1_102' title='bbox 276 2287 397 2353; x_wconf 85' lang='lat' dir='ltr'><strong>Veneto</strong></span> <span class='ocrx_word' id='word_1_103' title='bbox 428 2288 524 2353; x_wconf 87' lang='lat' dir='ltr'><strong>habet</strong></span> <span class='ocrx_word' id='word_1_104' title='bbox 555 2289 748 2365; x_wconf 89' lang='lat' dir='ltr'><strong>communia,</strong></span> <span class='ocrx_word' id='word_1_105' title='bbox 784 2288 885 2353; x_wconf 90' lang='lat' dir='ltr'><strong>infimi</strong></span> <span class='ocrx_word' id='word_1_106' title='bbox 922 2290 991 2354; x_wconf 84' lang='lat' dir='ltr'><strong>aevi</strong></span> <span class='ocrx_word' id='word_1_107' title='bbox 1025 2289 1152 2355; x_wconf 89' lang='lat' dir='ltr'><strong>scholiis</strong></span> <span class='ocrx_word' id='word_1_108' title='bbox 1182 2309 1292 2357; x_wconf 86' lang='lat' dir='ltr'><strong>carens</strong></span> 
     </span>
     <span class='ocr_line' id='line_1_14' title="bbox 180 2392 1292 2476; baseline 0.004 -20"><span class='ocrx_word' id='word_1_109' title='bbox 180 2392 248 2456; x_wconf 84' lang='lat' dir='ltr'><strong>tam</strong></span> <span class='ocrx_word' id='word_1_110' title='bbox 278 2392 444 2476; x_wconf 89' lang='lat' dir='ltr'><strong>praecipuo</strong></span> <span class='ocrx_word' id='word_1_111' title='bbox 478 2392 549 2456; x_wconf 90' lang='lat' dir='ltr'><strong>usui</strong></span> <span class='ocrx_word' id='word_1_112' title='bbox 573 2392 673 2457; x_wconf 88' lang='lat' dir='ltr'><strong>estin</strong></span> <span class='ocrx_word' id='word_1_113' title='bbox 703 2393 832 2457; x_wconf 85' lang='lat' dir='ltr'><strong>scholiis</strong></span> <span class='ocrx_word' id='word_1_114' title='bbox 855 2393 1011 2476; x_wconf 89' lang='lat' dir='ltr'><strong>equitum,</strong></span> <span class='ocrx_word' id='word_1_115' title='bbox 1035 2396 1071 2459; x_wconf 91' lang='lat' dir='ltr'><strong>ut</strong></span> <span class='ocrx_word' id='word_1_116' title='bbox 1098 2413 1189 2460; x_wconf 91' lang='lat' dir='ltr'><strong>nemo</strong></span> <span class='ocrx_word' id='word_1_117' title='bbox 1220 2414 1292 2460; x_wconf 91' lang='lat' dir='ltr'><strong>eum</strong></span> 
     </span>
     <span class='ocr_line' id='line_1_15' title="bbox 179 2496 1291 2583; baseline 0.006 -24"><span class='ocrx_word' id='word_1_118' title='bbox 179 2514 327 2581; x_wconf 88' lang='lat' dir='ltr'><strong>persaepe</strong></span> <span class='ocrx_word' id='word_1_119' title='bbox 351 2496 521 2581; x_wconf 87' lang='lat' dir='ltr'><strong>genuinam</strong></span> <span class='ocrx_word' id='word_1_120' title='bbox 542 2497 711 2562; x_wconf 90' lang='lat' dir='ltr'><strong>lectionem</strong></span> <span class='ocrx_word' id='word_1_121' title='bbox 729 2496 934 2581; x_wconf 85' lang='lat' dir='ltr'><strong>praebentem</strong></span> <span class='ocrx_word' id='word_1_122' title='bbox 949 2498 1037 2580; x_wconf 89' lang='lat' dir='ltr'><strong>sequi</strong></span> <span class='ocrx_word' id='word_1_123' title='bbox 1053 2496 1182 2565; x_wconf 90' lang='lat' dir='ltr'><strong>dubitet.</strong></span> <span class='ocrx_word' id='word_1_124' title='bbox 1214 2517 1291 2583; x_wconf 90' lang='lat' dir='ltr'><strong>quos</strong></span> 
     </span>
     <span class='ocr_line' id='line_1_16' title="bbox 180 2599 1290 2686; baseline 0.004 -22"><span class='ocrx_word' id='word_1_125' title='bbox 180 2599 304 2665; x_wconf 90' lang='lat' dir='ltr'><strong>codices</strong></span> <span class='ocrx_word' id='word_1_126' title='bbox 330 2601 413 2666; x_wconf 89' lang='lat' dir='ltr'><strong>inter</strong></span> <span class='ocrx_word' id='word_1_127' title='bbox 436 2620 468 2666; x_wconf 91' lang='lat' dir='ltr'><strong>se</strong></span> <span class='ocrx_word' id='word_1_128' title='bbox 491 2601 745 2685; x_wconf 90' lang='lat' dir='ltr'><strong>comparantibus</strong></span> <span class='ocrx_word' id='word_1_129' title='bbox 767 2601 858 2667; x_wconf 87' lang='lat' dir='ltr'><strong>nobis</strong></span> <span class='ocrx_word' id='word_1_130' title='bbox 883 2600 1077 2686; x_wconf 90' lang='lat' dir='ltr'><strong>propositum</strong></span> <span class='ocrx_word' id='word_1_131' title='bbox 1101 2604 1163 2682; x_wconf 90' lang='lat' dir='ltr'><strong>est,</strong></span> <span class='ocrx_word' id='word_1_132' title='bbox 1198 2603 1290 2668; x_wconf 90' lang='lat' dir='ltr'><strong>scho-</strong></span> 
     </span>
     <span class='ocr_line' id='line_1_17' title="bbox 181 2704 1291 2790; baseline 0.003 -22"><span class='ocrx_word' id='word_1_133' title='bbox 181 2704 296 2769; x_wconf 89' lang='lat' dir='ltr'><strong>liorum</strong></span> <span class='ocrx_word' id='word_1_134' title='bbox 318 2704 446 2770; x_wconf 90' lang='lat' dir='ltr'><strong>illorum</strong></span> <span class='ocrx_word' id='word_1_135' title='bbox 468 2706 755 2771; x_wconf 87' lang='lat' dir='ltr'><strong>vetustissimorum</strong></span> <span class='ocrx_word' id='word_1_136' title='bbox 784 2708 817 2771; x_wconf 89' lang='lat' dir='ltr'><strong>et</strong></span> <span class='ocrx_word' id='word_1_137' title='bbox 838 2706 1181 2789; x_wconf 87' lang='lat' dir='ltr'><strong>praestantissimorum</strong></span> <span class='ocrx_word' id='word_1_138' title='bbox 1203 2706 1291 2790; x_wconf 88' lang='lat' dir='ltr'><strong>frag-</strong></span> 
     </span>
     <span class='ocr_line' id='line_1_18' title="bbox 178 2808 1290 2893; baseline 0.003 -20"><span class='ocrx_word' id='word_1_139' title='bbox 178 2809 286 2874; x_wconf 90' lang='lat' dir='ltr'><strong>menta</strong></span> <span class='ocrx_word' id='word_1_140' title='bbox 302 2808 467 2893; x_wconf 87' lang='lat' dir='ltr'><strong>colligere,</strong></span> <span class='ocrx_word' id='word_1_141' title='bbox 490 2811 523 2874; x_wconf 89' lang='lat' dir='ltr'><strong>et</strong></span> <span class='ocrx_word' id='word_1_142' title='bbox 537 2828 645 2875; x_wconf 86' lang='lat' dir='ltr'><strong>veram</strong></span> <span class='ocrx_word' id='word_1_143' title='bbox 660 2828 768 2890; x_wconf 88' lang='lat' dir='ltr'><strong>eorum</strong></span> <span class='ocrx_word' id='word_1_144' title='bbox 783 2811 975 2877; x_wconf 64' lang='lat' dir='ltr'><strong>lectioneml</strong></span> <span class='ocrx_word' id='word_1_145' title='bbox 997 2810 1226 2878; x_wconf 91' lang='lat' dir='ltr'><strong>reconcinnare.</strong></span> <span class='ocrx_word' id='word_1_146' title='bbox 1249 2850 1290 2858; x_wconf 91' lang='lat'>—</span> 
     </span>
     <span class='ocr_line' id='line_1_19' title="bbox 180 2913 1292 3000; baseline 0.004 -23"><span class='ocrx_word' id='word_1_147' title='bbox 180 2932 252 2978; x_wconf 90' lang='lat' dir='ltr'><strong>cum</strong></span> <span class='ocrx_word' id='word_1_148' title='bbox 281 2913 400 2978; x_wconf 91' lang='lat' dir='ltr'><strong>scholia</strong></span> <span class='ocrx_word' id='word_1_149' title='bbox 426 2913 610 2998; x_wconf 88' lang='lat' dir='ltr'><strong>posterioris</strong></span> <span class='ocrx_word' id='word_1_150' title='bbox 638 2914 791 2998; x_wconf 85' lang='lat' dir='ltr'><strong>temporis</strong></span> <span class='ocrx_word' id='word_1_151' title='bbox 820 2914 1005 2999; x_wconf 89' lang='lat' dir='ltr'><strong>plerumque</strong></span> <span class='ocrx_word' id='word_1_152' title='bbox 1034 2915 1292 3000; x_wconf 88' lang='lat' dir='ltr'><strong>agrammaticis</strong></span> 
     </span>
     <span class='ocr_line' id='line_1_20' title="bbox 179 3017 1291 3104; baseline 0.004 -23"><span class='ocrx_word' id='word_1_153' title='bbox 179 3017 363 3100; x_wconf 86' lang='lat' dir='ltr'><strong>Byzantinis</strong></span> <span class='ocrx_word' id='word_1_154' title='bbox 386 3018 562 3103; x_wconf 85' lang='lat' dir='ltr'><strong>conscripta</strong></span> <span class='ocrx_word' id='word_1_155' title='bbox 581 3038 678 3102; x_wconf 92' lang='lat' dir='ltr'><strong>prope</strong></span> <span class='ocrx_word' id='word_1_156' title='bbox 701 3017 827 3104; x_wconf 84' lang='lat' dir='ltr'><strong>integra</strong></span> <span class='ocrx_word' id='word_1_157' title='bbox 855 3018 945 3084; x_wconf 91' lang='lat' dir='ltr'><strong>nobis</strong></span> <span class='ocrx_word' id='word_1_158' title='bbox 974 3019 1092 3085; x_wconf 84' lang='lat' dir='ltr'><strong>tradita</strong></span> <span class='ocrx_word' id='word_1_159' title='bbox 1114 3021 1197 3100; x_wconf 91' lang='lat' dir='ltr'><strong>sint,</strong></span> <span class='ocrx_word' id='word_1_160' title='bbox 1233 3020 1291 3086; x_wconf 90' lang='lat' dir='ltr'><strong>illa</strong></span> 
     </span>
     <span class='ocr_line' id='line_1_21' title="bbox 179 3121 1291 3205; baseline 0.003 -18"><span class='ocrx_word' id='word_1_161' title='bbox 179 3122 280 3188; x_wconf 87' lang='lat' dir='ltr'><strong>veteri</strong></span> <span class='ocrx_word' id='word_1_162' title='bbox 300 3122 465 3205; x_wconf 79' lang='lat' dir='ltr'><strong>interpreti</strong></span> <span class='ocrx_word' id='word_1_163' title='bbox 491 3121 659 3189; x_wconf 87' lang='lat' dir='ltr'><strong>tribuenda</strong></span> <span class='ocrx_word' id='word_1_164' title='bbox 685 3124 789 3189; x_wconf 87' lang='lat' dir='ltr'><strong>multa</strong></span> <span class='ocrx_word' id='word_1_165' title='bbox 816 3125 1038 3189; x_wconf 84' lang='lat' dir='ltr'><strong>contraxerunt</strong></span> <span class='ocrx_word' id='word_1_166' title='bbox 1057 3123 1152 3205; x_wconf 85' lang='lat' dir='ltr'><strong>vitia,</strong></span> <span class='ocrx_word' id='word_1_167' title='bbox 1172 3127 1209 3190; x_wconf 88' lang='lat' dir='ltr'><strong>nt</strong></span> <span class='ocrx_word' id='word_1_168' title='bbox 1231 3123 1291 3190; x_wconf 91' lang='lat' dir='ltr'><strong>ali·</strong></span> 
     </span>
     <span class='ocr_line' id='line_1_22' title="bbox 180 3225 1290 3311; baseline 0.005 -21"><span class='ocrx_word' id='word_1_169' title='bbox 180 3225 310 3308; x_wconf 89' lang='lat' dir='ltr'><strong>quoties,</strong></span> <span class='ocrx_word' id='word_1_170' title='bbox 324 3245 404 3308; x_wconf 89' lang='lat' dir='ltr'><strong>quae</strong></span> <span class='ocrx_word' id='word_1_171' title='bbox 417 3227 553 3311; x_wconf 91' lang='lat' dir='ltr'><strong>genuina</strong></span> <span class='ocrx_word' id='word_1_172' title='bbox 562 3227 660 3292; x_wconf 92' lang='lat' dir='ltr'><strong>fuerit</strong></span> <span class='ocrx_word' id='word_1_173' title='bbox 675 3226 779 3306; x_wconf 89' lang='lat' dir='ltr'><strong>lectio,</strong></span> <span class='ocrx_word' id='word_1_174' title='bbox 796 3226 923 3292; x_wconf 87' lang='lat' dir='ltr'><strong>difficile</strong></span> <span class='ocrx_word' id='word_1_175' title='bbox 939 3227 981 3293; x_wconf 91' lang='lat' dir='ltr'><strong>sit</strong></span> <span class='ocrx_word' id='word_1_176' title='bbox 997 3226 1036 3292; x_wconf 87' lang='lat' dir='ltr'><strong>ad</strong></span> <span class='ocrx_word' id='word_1_177' title='bbox 1048 3227 1290 3295; x_wconf 90' lang='lat' dir='ltr'><strong>diiudicandum.</strong></span> 
     </span>
     <span class='ocr_line' id='line_1_23' title="bbox 178 3331 1290 3414; baseline 0.004 -20"><span class='ocrx_word' id='word_1_178' title='bbox 178 3348 273 3413; x_wconf 88' lang='lat' dir='ltr'><strong>quam</strong></span> <span class='ocrx_word' id='word_1_179' title='bbox 295 3331 334 3395; x_wconf 91' lang='lat' dir='ltr'><strong>ob</strong></span> <span class='ocrx_word' id='word_1_180' title='bbox 357 3349 485 3395; x_wconf 85' lang='lat' dir='ltr'><strong>causam</strong></span> <span class='ocrx_word' id='word_1_181' title='bbox 507 3331 540 3396; x_wconf 90' lang='lat' dir='ltr'><strong>in</strong></span> <span class='ocrx_word' id='word_1_182' title='bbox 562 3332 681 3414; x_wconf 88' lang='lat' dir='ltr'><strong>optima</strong></span> <span class='ocrx_word' id='word_1_183' title='bbox 702 3332 760 3397; x_wconf 90' lang='lat' dir='ltr'><strong>illa</strong></span> <span class='ocrx_word' id='word_1_184' title='bbox 782 3350 845 3414; x_wconf 90' lang='lat' dir='ltr'><strong>qua</strong></span> <span class='ocrx_word' id='word_1_185' title='bbox 865 3332 986 3397; x_wconf 89' lang='lat' dir='ltr'><strong>utimur</strong></span> <span class='ocrx_word' id='word_1_186' title='bbox 1008 3331 1198 3399; x_wconf 86' lang='lat' dir='ltr'><strong>scholiorum</strong></span> <span class='ocrx_word' id='word_1_187' title='bbox 1222 3333 1290 3398; x_wconf 90' lang='lat' dir='ltr'><strong>edi·</strong></span> 
     </span>
     <span class='ocr_line' id='line_1_24' title="bbox 177 3430 1290 3520; baseline 0.004 -23"><span class='ocrx_word' id='word_1_188' title='bbox 177 3430 263 3498; x_wconf 85' lang='lat' dir='ltr'><strong>tione</strong></span> <span class='ocrx_word' id='word_1_189' title='bbox 284 3434 429 3500; x_wconf 81' lang='lat' dir='ltr'><strong>Parisino</strong></span> <span class='ocrx_word' id='word_1_190' title='bbox 452 3433 511 3518; x_wconf 89' lang='lat' dir='ltr'><strong>(ed.</strong></span> <span class='ocrx_word' id='word_1_191' title='bbox 531 3435 672 3520; x_wconf 80' lang='lat' dir='ltr'><strong>Dubner)</strong></span> <span class='ocrx_word' id='word_1_192' title='bbox 702 3435 841 3519; x_wconf 89' lang='lat' dir='ltr'><strong>plurima</strong></span> <span class='ocrx_word' id='word_1_193' title='bbox 863 3454 925 3500; x_wconf 91' lang='lat' dir='ltr'><strong>non</strong></span> <span class='ocrx_word' id='word_1_194' title='bbox 947 3436 981 3500; x_wconf 91' lang='lat' dir='ltr'><strong>in</strong></span> <span class='ocrx_word' id='word_1_195' title='bbox 1004 3437 1180 3503; x_wconf 90' lang='lat' dir='ltr'><strong>ceterorum</strong></span> <span class='ocrx_word' id='word_1_196' title='bbox 1204 3438 1290 3503; x_wconf 83' lang='lat' dir='ltr'><strong>ordi·</strong></span> 
     </span>
     <span class='ocr_line' id='line_1_25' title="bbox 178 3539 1289 3626; baseline 0.005 -24"><span class='ocrx_word' id='word_1_197' title='bbox 178 3556 251 3601; x_wconf 89' lang='lat' dir='ltr'><strong>nem</strong></span> <span class='ocrx_word' id='word_1_198' title='bbox 270 3540 413 3624; x_wconf 89' lang='lat' dir='ltr'><strong>recepta,</strong></span> <span class='ocrx_word' id='word_1_199' title='bbox 450 3539 567 3604; x_wconf 91' lang='lat' dir='ltr'><strong>sedin</strong></span> <span class='ocrx_word' id='word_1_200' title='bbox 589 3540 862 3618; x_wconf 88' lang='lat' dir='ltr'><strong>annotationibus,</strong></span> <span class='ocrx_word' id='word_1_201' title='bbox 902 3559 981 3624; x_wconf 90' lang='lat' dir='ltr'><strong>quac</strong></span> <span class='ocrx_word' id='word_1_202' title='bbox 1006 3540 1138 3626; x_wconf 87' lang='lat' dir='ltr'><strong>singulis</strong></span> <span class='ocrx_word' id='word_1_203' title='bbox 1161 3540 1289 3608; x_wconf 88' lang='lat' dir='ltr'><strong>scholiis</strong></span> 
     </span>
     <span class='ocr_line' id='line_1_26' title="bbox 179 3641 1290 3727; baseline 0.004 -21"><span class='ocrx_word' id='word_1_204' title='bbox 179 3642 253 3706; x_wconf 90' lang='lat' dir='ltr'><strong>sunt</strong></span> <span class='ocrx_word' id='word_1_205' title='bbox 288 3641 413 3722; x_wconf 84' lang='lat' dir='ltr'><strong>addita,</strong></span> <span class='ocrx_word' id='word_1_206' title='bbox 448 3644 572 3709; x_wconf 88' lang='lat' dir='ltr'><strong>servata</strong></span> <span class='ocrx_word' id='word_1_207' title='bbox 606 3643 797 3727; x_wconf 89' lang='lat' dir='ltr'><strong>reperimus,</strong></span> <span class='ocrx_word' id='word_1_208' title='bbox 834 3663 906 3709; x_wconf 89' lang='lat' dir='ltr'><strong>cnm</strong></span> <span class='ocrx_word' id='word_1_209' title='bbox 942 3644 1035 3722; x_wconf 89' lang='lat' dir='ltr'><strong>talia,</strong></span> <span class='ocrx_word' id='word_1_210' title='bbox 1070 3664 1150 3727; x_wconf 90' lang='lat' dir='ltr'><strong>quae</strong></span> <span class='ocrx_word' id='word_1_211' title='bbox 1187 3645 1290 3710; x_wconf 86' lang='lat' dir='ltr'><strong>exiis</strong></span> 
     </span>
    </p>
   </div>
   <div class='ocr_carea' id='block_1_2' title="bbox 179 3740 1290 3937">
    <p class='ocr_par' dir='ltr' id='par_1_2' title="bbox 179 3740 1290 3937">
     <span class='ocr_line' id='line_1_27' title="bbox 180 3740 1290 3831; baseline 0.007 -21"><span class='ocrx_word' id='word_1_212' title='bbox 180 3744 337 3831; x_wconf 85' lang='lat' dir='ltr'><strong>descripta</strong></span> <span class='ocrx_word' id='word_1_213' title='bbox 356 3746 436 3812; x_wconf 87' lang='lat' dir='ltr'><strong>nihil</strong></span> <span class='ocrx_word' id='word_1_214' title='bbox 449 3748 568 3831; x_wconf 91' lang='lat' dir='ltr'><strong>proprii</strong></span> <span class='ocrx_word' id='word_1_215' title='bbox 583 3740 765 3827; x_wconf 87' lang='lat' dir='ltr'><strong>ostendant,</strong></span> <span class='ocrx_word' id='word_1_216' title='bbox 785 3748 819 3813; x_wconf 92' lang='lat' dir='ltr'><strong>in</strong></span> <span class='ocrx_word' id='word_1_217' title='bbox 833 3748 1024 3815; x_wconf 85' lang='lat' dir='ltr'><strong>scholiorum</strong></span> <span class='ocrx_word' id='word_1_218' title='bbox 1040 3769 1170 3816; x_wconf 90' lang='lat' dir='ltr'><strong>numero</strong></span> <span class='ocrx_word' id='word_1_219' title='bbox 1184 3750 1290 3818; x_wconf 88' lang='lat' dir='ltr'><strong>locum</strong></span> 
     </span>
     <span class='ocr_line' id='line_1_28' title="bbox 179 3850 1290 3937; baseline 0.005 -22"><span class='ocrx_word' id='word_1_220' title='bbox 179 3850 351 3918; x_wconf 86' lang='lat' dir='ltr'><strong>obtineant.</strong></span> <span class='ocrx_word' id='word_1_221' title='bbox 397 3852 619 3937; x_wconf 83' lang='lat' dir='ltr'><strong>gravissimum</strong></span> <span class='ocrx_word' id='word_1_222' title='bbox 640 3853 735 3919; x_wconf 89' lang='lat' dir='ltr'><strong>huius</strong></span> <span class='ocrx_word' id='word_1_223' title='bbox 754 3852 801 3918; x_wconf 92' lang='lat' dir='ltr'><strong>rei</strong></span> <span class='ocrx_word' id='word_1_224' title='bbox 823 3852 1000 3936; x_wconf 84' lang='lat' dir='ltr'><strong>exemplum</strong></span> <span class='ocrx_word' id='word_1_225' title='bbox 1019 3854 1121 3920; x_wconf 82' lang='lat' dir='ltr'><strong>exstat</strong></span> <span class='ocrx_word' id='word_1_226' title='bbox 1143 3854 1177 3920; x_wconf 93' lang='lat' dir='ltr'><strong>in</strong></span> <span class='ocrx_word' id='word_1_227' title='bbox 1194 3854 1290 3921; x_wconf 87' lang='lat' dir='ltr'><strong>schol.</strong></span> 
     </span>
    </p>
   </div>
   <div class='ocr_carea' id='block_1_3' title="bbox 176 4063 1290 4402">
    <p class='ocr_par' dir='ltr' id='par_1_3' title="bbox 176 4063 1290 4402">
     <span class='ocr_line' id='line_1_29' title="bbox 267 4063 1289 4140; baseline 0.005 -21"><span class='ocrx_word' id='word_1_228' title='bbox 267 4063 283 4119; x_wconf 90' lang='lat'>1</span> <span class='ocrx_word' id='word_1_229' title='bbox 300 4063 420 4123; x_wconf 79' lang='lat' dir='ltr'><strong>Tametsi</strong></span> <span class='ocrx_word' id='word_1_230' title='bbox 437 4065 681 4130; x_wconf 79' lang='lat' dir='ltr'><strong>reruchliodori</strong></span> <span class='ocrx_word' id='word_1_231' title='bbox 697 4066 804 4124; x_wconf 87' lang='lat' dir='ltr'><strong>dicendi</strong></span> <span class='ocrx_word' id='word_1_232' title='bbox 821 4084 915 4134; x_wconf 86' lang='lat' dir='ltr'><strong>usum,</strong></span> <span class='ocrx_word' id='word_1_233' title='bbox 935 4084 1014 4140; x_wconf 87' lang='lat' dir='ltr'><strong>quem</strong></span> <span class='ocrx_word' id='word_1_234' title='bbox 1029 4084 1060 4125; x_wconf 80' lang='lat' dir='ltr'><strong>ex</strong></span> <span class='ocrx_word' id='word_1_235' title='bbox 1077 4067 1194 4138; x_wconf 85' lang='lat' dir='ltr'><strong>singulis</strong></span> <span class='ocrx_word' id='word_1_236' title='bbox 1212 4066 1289 4124; x_wconf 87' lang='lat' dir='ltr'><strong>scho-</strong></span> 
     </span>
     <span class='ocr_line' id='line_1_30' title="bbox 176 4148 1289 4232; baseline 0.003 -26"><span class='ocrx_word' id='word_1_237' title='bbox 176 4148 222 4206; x_wconf 85' lang='lat' dir='ltr'><strong>liis</strong></span> <span class='ocrx_word' id='word_1_238' title='bbox 241 4151 321 4208; x_wconf 84' lang='lat' dir='ltr'><strong>facilc</strong></span> <span class='ocrx_word' id='word_1_239' title='bbox 336 4154 420 4209; x_wconf 82' lang='lat' dir='ltr'><strong>talem</strong></span> <span class='ocrx_word' id='word_1_240' title='bbox 432 4154 516 4210; x_wconf 81' lang='lat' dir='ltr'><strong>luisse</strong></span> <span class='ocrx_word' id='word_1_241' title='bbox 530 4157 727 4226; x_wconf 84' lang='lat' dir='ltr'><strong>cognoscimus:</strong></span> <span class='ocrx_word' id='word_1_242' title='bbox 746 4161 848 4230; x_wconf 74' lang='grc' dir='ltr'><em>ἴαμβος</em></span> <span class='ocrx_word' id='word_1_243' title='bbox 860 4158 1002 4229; x_wconf 73' lang='grc' dir='ltr'><strong><em>δίμετρος,</em></strong></span> <span class='ocrx_word' id='word_1_244' title='bbox 1021 4163 1174 4232; x_wconf 74' lang='grc' dir='ltr'><em>τρίμετρος,</em></span> <span class='ocrx_word' id='word_1_245' title='bbox 1192 4153 1289 4230; x_wconf 79' lang='grc' dir='ltr'><em>τετρά-</em></span> 
     </span>
     <span class='ocr_line' id='line_1_31' title="bbox 176 4240 1290 4317; baseline 0.004 -26"><span class='ocrx_word' id='word_1_246' title='bbox 176 4256 289 4312; x_wconf 79' lang='grc' dir='ltr'><em>μετρος,</em></span> <span class='ocrx_word' id='word_1_247' title='bbox 313 4247 442 4315; x_wconf 78' lang='grc' dir='ltr'><em>τροχαῖος</em></span> <span class='ocrx_word' id='word_1_248' title='bbox 459 4261 543 4317; x_wconf 64' lang='lat' dir='ltr'><strong>torp„</strong></span> <span class='ocrx_word' id='word_1_249' title='bbox 564 4240 752 4309; x_wconf 75' lang='grc' dir='ltr'><em>ἀνάπαιστος,</em></span> <span class='ocrx_word' id='word_1_250' title='bbox 773 4248 932 4317; x_wconf 72' lang='grc' dir='ltr'><em>χορίαμβος</em></span> <span class='ocrx_word' id='word_1_251' title='bbox 950 4240 1160 4316; x_wconf 69' lang='grc' dir='ltr'><strong>ἑφθημιμερής,</strong></span> <span class='ocrx_word' id='word_1_252' title='bbox 1186 4246 1290 4313; x_wconf 74' lang='grc' dir='ltr'><strong><em>ἴαμβος</em></strong></span> 
     </span>
     <span class='ocr_line' id='line_1_32' title="bbox 176 4324 932 4402; baseline 0.008 -27"><span class='ocrx_word' id='word_1_253' title='bbox 176 4324 258 4397; x_wconf 56' lang='lat' dir='ltr'><strong>ipim,</strong></span> <span class='ocrx_word' id='word_1_254' title='bbox 278 4326 402 4396; x_wconf 72' lang='grc' dir='ltr'><strong>δίστιχος</strong></span> <span class='ocrx_word' id='word_1_255' title='bbox 418 4325 610 4402; x_wconf 79' lang='grc' dir='ltr'><em>τετράμετρος,</em></span> <span class='ocrx_word' id='word_1_256' title='bbox 629 4344 684 4383; x_wconf 89' lang='lat' dir='ltr'><strong>non</strong></span> <span class='ocrx_word' id='word_1_257' title='bbox 700 4328 799 4399; x_wconf 88' lang='lat' dir='ltr'><strong>ubique</strong></span> <span class='ocrx_word' id='word_1_258' title='bbox 816 4329 932 4383; x_wconf 87' lang='lat' dir='ltr'><strong>restitui.</strong></span> 
     </span>
    </p>
   </div>
   <div class='ocr_carea' id='block_1_4' title="bbox 0 0 1572 4984">
    <p class='ocr_par' dir='ltr' id='par_1_4' title="bbox 0 0 1572 4984">
     <span class='ocr_line' id='line_1_33' title="bbox 0 0 1572 4984; baseline 0 1"><span class='ocrx_word' id='word_1_259' title='bbox 0 0 1572 4984; x_wconf 95' lang='lat' dir='ltr'><strong> </strong></span> 
     </span>
    </p>
   </div>
  </div>
 </body>
</html>
