3134 4984
284 315 303 371 4
704 311 811 369 Scholia
827 312 857 370 in
873 328 972 385 paoem.

285 464 333 549 είς
345 468 388 536 τὰ
403 463 564 559 πρόςωπα
581 466 740 558 διαίρεσιν
760 467 893 556 ὁμοίαν,
920 461 1014 536 16v
996 496 1016 559 η
1030 460 1108 559 άρχη
1098 461 1175 555 ’,μδ
1190 462 1280 554 εἶα,“
1301 466 1395 550 τέλος

284 571 323 640 δέ
343 565 484 659 »ἀλλ”
459 569 511 640 είσ
509 566 579 642 οἳ
597 573 770 643 κωλτονσιν
779 575 858 641 “V
888 570 954 663 (ὑφ’
976 564 1010 661 δ)

373 700 569 763 500-511.
613 695 741 783 (διπλῆ)
758 744 866 763 .....
883 690 949 784 (ὑφ’
972 683 1039 774 οδς)

372 820 488 881 512-
496 823 569 883 519.
620 815 722 904 διπλῆ
753 812 811 881 καί
848 809 997 893 εἷ’σθεσις
1026 809 1074 892 εἰς
1100 810 1255 898 περίοδον
1284 807 1392 879 κοίλων

283 912 303 1007 ἦ
326 908 508 1004 άμοιβαίιον
533 925 591 986 τοῦ
619 922 715 1008 χοροῦ
736 917 793 986 καὶ
813 920 870 984 τοῦ
890 915 1080 1005 ὑποκριτοῦ·
1106 915 1145 981 τὸ
1168 921 1299 1004 πρῶτον
1317 911 1392 982 άνα-

282 1020 460 1089 παιοτικδν
484 1022 634 1090 διπλοῦν·
663 1020 701 1090 τὸ
721 1020 752 1107 β
780 1019 908 1108 (καὶτὸ
928 1021 958 1108 ελ
981 1018 1132 1106 ἰαμβικὸν
1154 1015 1391 1109 ἐφθημιμερές·

282 1123 321 1189 τὸ
353 1123 381 1210 γ’
410 1123 466 1192 καὶ
497 1124 535 1194 τὸ
566 1119 594 1192 δ’
616 1122 685 1214 (καὶ
707 1123 746 1191 τὸ
768 1120 812 1212 ς’)
829 1121 978 1211 ἰαμβικὸν
993 1121 1142 1212 δίμετρον
1157 1118 1391 1214 άκατάληκτον.

284 1225 351 1316 (τὸ)
372 1221 398 1308 ζ
419 1226 476 1295 καὶ
497 1226 525 1317 η’
547 1225 669 1314 ὁμοίως
689 1232 746 1310 R„
770 1219 839 1318 (ὕφ’
861 1220 894 1317 6)

370 1354 566 1416 520—570.
613 1345 743 1437 (διπλῆ)
760 1397 867 1415 .....
890 1340 957 1437 (ὑφ’
979 1339 1047 1435 οὓς)

373 1452 568 1536 571-’581.
611 1467 713 1557 διπλῆ
740 1465 796 1533 καὶ
825 1467 922 1550 μέλος
951 1466 1140 1552 άμοιβαῖον,
1172 1465 1229 1532 ’τὸ
1250 1464 1309 1550 μὲν
1336 1471 1393 1533 τοῦ

283 1567 462 1660 δποκριτοδ
505 1569 685 1639 δεκάκιολον
719 1570 901 1658 τροχαϊκόν·
945 1564 988 1637 οὗ
1014 1569 1049 1638 έν
1083 1567 1231 1637 είοθέσει
1267 1568 1391 1653 θέννέα,

283 1666 487 1765 άκατάληκτα
517 1671 563 1760 δίι
550 1699 653 1763 μετρα
677 1666 776 1756 ὀκτώ,
808 1669 1014 1802 μονάμετρον
1026 1673 1118 1741 δὲ
1083 1700 1121 1741 το
1144 1671 1390 1762 παρατέλεαιον,

283 1803 340 1845 και
330 1776 394 1844 ἐν
417 1775 548 1845 ἐκθέσει
579 1774 712 1861 4στίχος
732 1777 904 1893 τροχαϊκδς
919 1772 1130 1868 τετράμετρος
1153 1773 1392 1867 καταληκτικός,

284 1873 354 1972 (εν
377 1871 427 1970 ov)

371 2009 486 2070 582-
496 2010 568 2071 602.
613 2005 732 2089 διπλῆ·
763 2005 846 2087 [και]
875 2002 931 2092 (τὰ
960 2001 1010 2094 δέ)
1037 2009 1097 2071 τοο
1122 2008 1219 2092 χοροῦ
1250 2000 1392 2069 κῶλα’
1364 2026 1383 2088 γ

283 2105 453 2196 τροχαϊκά,
484 2102 556 2173 ἐστι
585 2104 621 2173 δὲ
647 2105 686 2174 τὸ
708 2102 782 2173 ὅλον
803 2105 972 2194 τροχαΐκὸν
992 2101 1181 2194 ἑξάμετρον·
1210 2104 1294 2185 τινές
1313 2100 1392 2193 γρά-

283 2231 400 2300 φουσιν
422 2260 441 2292 ,,
450 2207 610 2298 ἐδάμημεν
617 2217 636 2248 “
654 2205 709 2276 καί
729 2231 814 2298 φασι
831 2207 873 2276 τά
888 2208 947 2295 μέν
961 2208 992 2295 β’
1006 2208 1161 2299 τροχαϊκδι
1176 2202 1390 2299 άκατάληκτα,

281 2312 321 2379 τὸ
344 2311 380 2380 δέ
402 2307 430 2399 γ’
446 2311 614 2402 τροχαῖκδν
636 2309 882 2401 καταληκτικόν·
914 2305 971 2380 εἶτ’
998 2311 1032 2380 ἐν
1061 2311 1194 2380 ἐκθέσει
1214 2309 1393 2391 παιωνικδς

285 2414 550 2506 5τετράρρνθμος
569 2416 802 2506 καταληπτικὸς
824 2415 881 2483 καὶ
906 2414 959 2483 6ἐν
982 2415 1160 2501 ἐπεκθέσει
1180 2416 1392 2506 τετράμετρος

282 2518 516 2610 καταληκτικδς
541 2519 726 2610 τροχαϊκάς·
764 2514 836 2588 εἶτα
857 2519 891 2587 ἐν
923 2517 1090 2589 ίείσθέοει
1109 2519 1138 2588 δ’
1159 2511 1313 2604 κῶλα,
1286 2546 1330 2587 ων
1350 2518 1393 2586 τὰ

280 2620 489 2711 γ’παιωνικά
513 2621 713 2714 8δίρρυθμα,
734 2650 772 2694 το
761 2623 826 2694 δὲ
852 2623 1110 2715 9παρατέλεοτον
1137 2621 1291 2711 ίαμβικδν
1302 2621 1392 2709 δίμε-

282 2754 361 2819 τρον
361 2779 464 2798 .....
483 2719 550 2818 (ὑφ
573 2721 641 2818 οδς)

370 2857 484 2916 603-
495 2854 567 2915 650.
614 2846 820 2937 (διπλῆ)-
837 2844 928 2939 ,(υᾳί
952 2840 1019 2939 οὓς)

369 2975 479 3036 651-
494 2974 567 3035 656.
613 2967 715 3056 διπλῆ
748 2966 805 3035 καὶ
834 2963 983 3048 είοθεσις
1012 2964 1059 3047 είς
1086 2967 1185 3050 μέλος
1212 2960 1391 3057 τροχαϊκάν,

285 3064 361 3138 ¹⁰06
389 3067 417 3140 δ
440 3071 499 3157 μέν
528 3067 593 3138 εἶσι
614 3073 704 3138 κῶλα
731 3069 867 3163 δίμιτρα
894 3066 1113 3160 ακατάληκτα,
1143 3073 1324 3139 τελευταῖον
1353 3067 1392 3136 δέ

281 3173 407 3244 ἐστιν’
392 3202 426 3298 εν
447 3173 580 3243 ἐκθέσει
602 3171 711 3258 στίχος
732 3171 945 3267 τετράμετρος
966 3175 1199 3265 καταληκτικδς
1212 3168 1389 3267 τροχαικός,

368 3540 384 3597 1
409 3526 444 3594 οὗ
530 3539 663 3596 Παίοσι
681 3540 737 3597 sch.
756 3557 807 3597 om.
826 3542 859 3597 R.
882 3542 913 3597 τὸ
934 3543 988 3616 μὲν
1002 3547 1052 3597 τοῦ
1072 3542 1222 3614 ὑποκριτοῦ
1242 3542 1388 3615 δεκακοίλιμ

281 3631 435 3702 τροχαῖκῷ,
461 3624 563 3700 τὸμὲν
583 3629 649 3684 dicit
665 3630 811 3699 respiciens
830 3628 865 3685 ad
882 3633 965 3701 μέλος
978 3634 1081 3704 χοροῦ,
1106 3632 1223 3685 ceterum
1239 3630 1293 3685 nisi
1310 3630 1388 3700 plura

279 3712 448 3779 exciderunt,
467 3714 652 3784 corrigendum
671 3716 830 3772 δεκάκωλον
846 3714 1013 3792 τροχαϊκόν,
1032 3716 1114 3771 Dind.
1184 3719 1202 3773 3
1220 3718 1302 3774 ἐννέα
1318 3715 1388 3772 άκα·

278 3798 414 3869 τάληκτα,
441 3801 560 3877 δίμετρα
577 3801 612 3857 τὰ
629 3800 708 3872 ὀκτώ,
790 3805 917 3872 4στίχοι
934 3807 1079 3876 τροχαϊκολ
1101 3802 1141 3872 (in
1165 3802 1204 3858 ed.
1223 3804 1304 3859 Dintl.
1325 3824 1387 3878 τρο-

275 3888 369 3958 χαῖοι)
395 3884 572 3962 τετράμετρον
594 3892 790 3958 καταληκτικοὶ
875 3891 893 3946 5
917 3886 1096 3963 τετράμετρος
1181 3892 1198 3945 6
1222 3891 1252 3945 ἐν
1269 3891 1387 3955 ἐκθέσει,

279 3972 351 4043 quod
370 3971 473 4028 emend.
492 3973 571 4029 Dind.
643 3975 803 4041 λέκθέσεις
820 3974 919 4041 Dina,
939 3975 998 4030 εἶτα
1017 3976 1047 4029 ἐν
1064 3966 1236 4049 παρεκθέσει
1309 3980 1327 4034 8
1345 3978 1387 4030 δί-

279 4066 377 4132 ρυθμα
395 4060 426 4112 V.
514 4060 768 4135 9παρατελεάτιον
786 4061 818 4120 G.
907 4063 940 4118 10
958 4061 1056 4116 'Potum
1083 4061 1134 4118 hoc
1156 4063 1237 4119 schol.
1257 4062 1334 4119 deest
1357 4063 1387 4116 in

278 4145 358 4210 Ram,
385 4145 481 4201 ceteri:
511 4136 545 4200 οὗ
562 4150 643 4202 πέντε
661 4151 715 4220 μέν
738 4149 796 4202 ἔστι
818 4151 891 4203 κῶλα
910 4149 1028 4224 δίμετρα
1047 4149 1232 4217 άκατάληκτα,
1259 4150 1292 4204 τὸ
1312 4150 1343 4204 δὲ
1361 4147 1386 4213 ς’

277 4231 480 4307 ἑφθημιμερές.
521 4232 552 4286 ἐν
576 4233 687 4288 ἐκθέσει
714 4234 744 4288 δὲ
772 4239 909 4307 ἰαμβεῖον.
952 4234 999 4306 iq?
1026 4233 1044 4289 ὃ
1068 4238 1098 4289 αἱ
1120 4236 1320 4308 ἀμφοτέρωθεν
1334 4238 1386 4297 ἔξω

278 4318 380 4372 διπλαῖ
