3134 4984
611 314 717 369 Scholia
735 314 765 369 in
782 329 856 369 aves
1249 314 1284 370 ’Π

172 475 343 561 τροχαϊκοῆ
365 469 593 561 ἰθυφαλλικοῦ
634 467 667 534 ἐν
688 466 835 536 εἰσθέσει
862 468 899 535 δὲ
921 464 1029 550 στίχοι
1051 464 1284 538 οἰναπαιστικυί

139 560 142 565 Α
173 572 380 664 τετράμετροι
402 572 629 663 καταληκτικοί
652 553 754 640 ddo‘
742 570 851 657 σ’μοιοι
871 577 942 652 τοίς
972 570 1029 640 ἰπὶ
1058 580 1115 663 τῆς
1143 570 1266 663 ἓξῆς’
1237 599 1284 641 ει·
1303 647 1307 654 ,

174 680 321 783 σθέσεως
340 679 406 760 ξα’.
429 674 565 808 ὀφείλει
572 671 663 744 δὲ
633 703 717 743 ειναι
738 677 795 743 καὶ
818 675 851 742 ἕν
872 682 943 756 τοῖς
965 674 1145 764 εἰρημένοις
1168 673 1286 758 κοίλοις

175 784 349 869 διάλειμμα
379 779 509 869 μικρόν,
548 783 601 847 ἵνα
631 779 817 847 δοκῶσιν
802 806 837 847 εκ
869 779 925 847 δύο
947 775 1058 846 κώλων
1080 786 1284 867 συγκεῖσθαι,

176 887 402 954 συνάπτονται
424 883 510 954 δὲ’
481 912 528 965 εις
549 884 606 951 ἕνα
628 882 747 967 στίχον.
771 882 830 950 ἐπὶ
857 890 904 971 τῷ
925 883 1009 950 τέλει
1030 889 1088 972 τῆς
1107 884 1166 968 μὲν
1189 907 1284 972 στρο-

71 1043 75 1048 ,
121 1033 134 1042 „
175 997 239 1081 φῆς
267 987 484 1080 παράχραφος
506 987 561 1055 καὶ
587 985 651 1055 ἔσω
674 991 842 1056 νενευκυῖα.
877 986 936 1053 ἐπὶ
967 985 1004 1053 δὲ
1025 993 1082 1077 τῆς
1108 985 1285 1069 εἰσθὲσεως

175 1091 237 1174 ἔξω
268 1095 398 1184 διπλῆ.]]

263 1238 449 1298 523—538
453 1278 1284 1298 .................

263 1359 459 1419 539—610.
506 1350 617 1437 [[πολὺ
639 1349 702 1438 δῆ;
730 1345 890 1427 Είσθεσις
910 1346 1027 1431 μέλους
1051 1352 1148 1435 χοροῦ
1156 1401 1164 1430 ,
1194 1347 1285 1438 ἐπιμ-

174 1452 246 1542 δικῆ
273 1453 333 1538 μὲν
359 1454 414 1521 διὰ
442 1454 481 1520 τὸ
510 1454 593 1538 μετὰ
614 1452 672 1542 τῆν
704 1454 824 1541 διπλῆν
844 1449 1021 1519 τίθεσθαι·
1059 1452 1224 1541 προφδικῆ
1248 1455 1285 1521 δὲ

174 1556 229 1622 διὰ
251 1557 290 1622 τδ
315 1562 545 1644 προτίθεσθαι
567 1552 679 1643 ἑτέρας
701 1557 830 1645 διπλῆς.
852 1554 923 1622 ἔστι
945 1554 1051 1622 δὲκαὶ
1072 1551 1286 1644 ἀντίστροφος

174 1664 231 1749 τῆς
259 1659 501 1750 προρρηθείσῆς
533 1664 690 1748 στροφῆς,
728 1659 784 1726 διὰ
812 1659 850 1726 τὸ
884 1658 940 1725 καί
976 1656 1070 1749 αὐτὴν
1108 1657 1145 1725 ἐκ
1176 1655 1287 1727 κοίλων

177 1769 370 1849 συγκεῖσθαι
391 1765 446 1831 καί
469 1760 587 1847 στίχων
606 1756 832 1851 οἰσυναρτῆτων
854 1762 904 1844 θ’,
929 1759 1051 1847 ὁμοίων
1071 1760 1183 1851 ἐκείνῃ.
1221 1760 1285 1846 ἔχει

176 1866 213 1936 δε
235 1867 289 1934 καί
308 1867 342 1934 ἐν
363 1866 494 1935 εκθέσει
516 1869 592 1947 τοίς
620 1864 774 1957 συνήθεις
796 1865 852 1933 δύο
882 1864 1011 1949 στίχους
1032 1858 1286 1960 οἰναπαιστικυὺς
1385 1919 1388 1924 .

176 1968 308 2098 ὁμρίους
329 1976 399 2050 τοῖς
420 1967 561 2059 εξῆςξα
568 1971 700 2060 διπλῆ
724 1970 786 2051 ἔξω
807 1968 969 2059 νενευκυίρι
1004 1969 1284 2068 1περατουχἰενοις.

175 2073 235 2142 επὶ
256 2081 304 2165 τῷ
325 2074 410 2142 τέλει
430 2076 487 2143 δύο
509 2077 627 2141 διπλαῖ
649 2072 710 2156 ἔξω
731 2078 935 2163 νενευκυῖαιῆ

265 2203 451 2262 olo—625
454 2245 1285 2265 .................

265 2342 462 2400 626-638.
509 2325 568 2418 ῆῶ
589 2329 716 2421 φίλτατ’
740 2329 815 2416 ἐμοί
831 2357 839 2399 :
873 2330 1023 2418 Κορωνὶς
1052 2331 1108 2398 καί
1139 2327 1287 2412 εἰσθεσις

174 2443 286 2527 χοροῦ,
323 2435 470 2525 ἐπφδικῆ
504 2435 562 2520 μὲν
597 2434 653 2502 διὰ
684 2434 721 2502 τδ
754 2433 834 2519 μετὰ
868 2424 1076 2525 τῆΓδιπλῆν
1112 2432 1285 2521 τίθεσθαι,

176 2540 345 2628 προῳδικῆ
373 2540 409 2607 δὲ
438 2539 492 2606 διὰ
519 2539 557 2606 τδ
588 2537 817 2628 προτίθεσθαι
848 2534 960 2627 ἑτέρας
987 2534 1141 2627 περιόδου
1170 2537 1286 2622 στίχων

124 2675 128 2682 ·
176 2645 232 2711 καί
254 2640 365 2710 κώλων
388 2639 446 2727 ιβ’.
490 2635 533 2709 ὧν
558 2640 576 2710 ὁ
600 2649 731 2731 πρῶτος
752 2642 807 2709 καί
831 2641 978 2731 δεύτερος
1006 2642 1060 2709 καὶ
1083 2638 1132 2709 ια’
1157 2643 1213 2710 καὶ
1234 2639 1289 2729 ιβ’.

176 2742 411 2815 ιίναπαιστικυί
431 2744 639 2836 τετράμετροι
662 2745 899 2835 καταληκτικοί
937 2743 1085 2834 δτρίτος
1108 2740 1286 2836 υἰσυνυίρτη-

175 2876 232 2931 τος
256 2844 353 2936 ’ρξ’
334 2855 579 2942 αναπαιστικῶν
600 2856 760 2976 πενθῆμιχ
747 2856 873 2949 μεριῦν
896 2842 1189 2976 ἕξιίναπαιστικοῆ
1212 2876 1286 2918 πεν-

176 2939 377 3081 θρμιμερους
408 2951 552 3020 αἰολικοῦ
580 2956 636 3020 διὰ
658 2954 697 3021 τὸ
717 2943 800 3036 ἔχειν
821 2952 879 3022 τὸν
906 2961 1037 3041 πρῶτον
1055 2949 1188 3021 πόδα”
1169 2980 1216 3040 ια
1217 2960 1287 3040 ιδον

177 3058 233 3125 καί
253 3063 476 3144 τροχαϊκυῆχ
444 3055 461 3124 ὁ
464 3056 558 3143 μυίου
580 3063 738 3147 πενθνμχ
702 3084 724 3125 ιι
688 3083 851 3145 χμερους.
884 3084 901 3126 o
890 3055 1118 3147 “'ocfcoocog
1099 3083 1219 3143 ομοιος.
1247 3058 1286 3127 τὸ

177 3158 207 3227 ε’
228 3157 468 3230 ἀναπαιστικδν
487 3161 729 3251 πενθημιμερὲς
743 3161 799 3227 τὸν
821 3157 967 3248 δεύτερον
981 3159 1053 3245 ἔχον
1069 3158 1159 3229 πόδα
1172 3158 1286 3248 τετρά-

176 3271 301 3354 βραχυν.
345 3264 384 3331 τὸ
406 3266 439 3346 ς’
461 3264 629 3353 τροχαῖκδν
657 3262 816 3351 δίμετρσν.
834 3257 1055 3355 οἰκατοίληκτον
1080 3264 1137 3333 τὸν
1157 3272 1288 3356 πρῶτον

176 3365 248 3450 ἕχον
274 3364 365 3437 πόδα
384 3365 565 3457 τρίβραχυν.
598 3367 637 3435 τδ
659 3364 687 3450 ζ’
711 3365 932 3458 ιίναπαιστικῆ
954 3368 1059 3453 βάσις.
1091 3370 1129 3436 τδ
1155 3367 1188 3459 η’
1211 3395 1287 3458 τρο-

174 3469 287 3554 χαῖκδν
308 3467 531 3561 ἑφθημιμερὲς
549 3472 607 3538 τδν
629 3478 761 3557 πρῶτον
782 3468 855 3554 ἔχον
878 3471 967 3540 πόδα
989 3470 1168 3560 τρίβραχυν.
1206 3471 1288 3541 ὅθ’

178 3572 330 3661 ἰαμβικὸς
352 3573 521 3663 τρίμετρυς
541 3574 848 3664 βραχυκατιίληκτος.
872 3573 890 3641 δ
914 3573 1047 3655 δέκατος
1069 3573 1288 3665 υἰσυνιίρτητος

177 3677 215 3759 ἐξ
242 3675 396 3768 ἰαμβικῆς
426 3678 555 3762 βάσεως
590 3678 645 3744 καὶ
678 3682 848 3766 τροχαϊκυῆ
882 3675 1105 3769 ἰθυφαλλικοῢ.
1150 3678 1209 3746 ἐπὶ
1240 3683 1288 3769 τῷ

176 3779 262 3848 τέλει
284 3779 446 3869 κορωνίςῆ

177 4046 207 4098 et
223 4042 439 4116 πευοημιμερής.
474 4041 573 4097 Vocem
592 4040 777 4115 ἀσυνάρτητοι
795 4057 863 4112 qucc
879 4041 979 4112 ubique
1004 4039 1079 4096 dccci
1097 4042 1126 4096 in
1150 4043 1286 4100 veteribus

177 4128 287 4184 scholiis
304 4127 411 4184 addidit
426 4129 558 4184 recentior
573 4127 727 4184 scholiasta.

264 4235 280 4286 1
300 4238 524 4306 περαιουμένους
628 4230 753 4288 Ναΐδα
769 4231 863 4300 inepta
888 4247 956 4301 quae
972 4231 1100 4301 leguntur
1123 4236 1187 4302 post
1201 4235 1285 4288 ιίσυν-

177 4315 311 4391 άρτητοςτ
328 4320 357 4380 ἐξ
372 4317 583 4376 circumcundo
601 4324 824 4392 πενθημιμερῶν
842 4316 956 4372 dolenda
973 4319 1045 4372 sunto
