3134 4984
601 311 708 368 Scholia
723 313 753 368 in
771 313 863 369 nubes.
1257 316 1292 374 41

273 476 471 537 700-722,
516 464 662 559 φρόντιζε
692 470 731 559 δὴ
760 470 816 537 καὶ
838 468 994 558 διάθρειε
1027 465 1209 557 [[’Ἑκθεσις
1235 478 1293 561 τῆς

183 574 304 662 διπλῆς
324 564 484 660 άμοιβαία
516 572 551 642 έκ
575 569 691 656 στίχων
712 576 768 642 καί
791 570 902 642 κοίλων
930 573 986 642 δάο
1008 573 1093 664 πρὸς
1112 580 1184 655 τοῖς
1204 570 1291 645 είκο-
1382 561 1387 574 ⁰

119 694 127 711 ·
183 698 252 744 σιν·
275 669 320 743 ὧν
340 677 379 744 τὸ
403 684 534 767 πρῶτον
553 675 701 766 δίμετρον
721 675 758 747 ἐκ
780 678 934 765 διιάμβυο
947 678 1012 745 ’καί
1025 673 1222 767 ’χοριάμβου
1251 679 1290 749 τδ

182 774 329 871 δεύτερον
359 777 508 870 δίμετρον
541 781 577 849 ἐκ
603 777 783 871 χοριάμβου
820 783 876 851 καί
912 779 1072 868 βακχείου.
1115 784 1154 850 τὸ
1173 779 1292 872 ’τρίτον
1387 840 1392 848 .

180 882 335 972 ἰαμβικὸν
356 885 606 975 πενθημιμερές.
627 884 665 953 τὸ
686 886 838 975 τέταρτον
860 886 895 955 ἐκ
910 885 1064 973 διιάμβοο
1080 884 1137 953 καί
1150 881 1290 975 χοριάμ-

180 995 241 1075 βου
260 986 429 1078 τρίμετρον
449 990 754 1080 βραχυκατάληκτον.
769 989 811 1084 ,τὸ
835 989 988 1075 πέμπτον
1008 989 1045 1058 έκ
1065 984 1221 1076 διιάμβου
1233 988 1290 1057 καὶ

185 1091 386 1182 1διτροχαίου
406 1093 627 1173 ταοτοτταθές.
649 1092 686 1162 τὸ
700 1091 792 1161 ἕκτον
811 1092 978 1184 τρίμετρον
999 1093 1037 1160 ἐκ
1059 1082 1219 1180 διιάμβυιν
1233 1093 1290 1161 καί

180 1195 271 1263 κατά1
291 1197 329 1264 τὸ
352 1197 452 1282 μέσον
486 1197 693 1285 ’χοριάμβοα
738 1197 775 1265 τὸ
806 1197 945 1285 ἕβδομον
968 1195 1121 1283 ἰαμβικὸν
1140 1195 1290 1285 δίμετρον

179 1291 406 1391 άκατάληκτον.
447 1302 486 1369 τὸ
515 1298 629 1388 ἰίγδοον
658 1300 810 1392 δίμετρον
843 1294 1100 1370 άντισπαστικδν
1128 1309 1289 1390 βραχοκα-

177 1397 347 1492 τάληκτον,
379 1403 458 1495 ἢέκ
485 1405 573 1472 δυοῖν
598 1402 764 1492 βακχείοιν
793 1399 1024 1495 άκατάληκτον.
1068 1403 1110 1470 τά
1136 1399 1210 1493 ἑξῆς
1231 1397 1288 1470 δύο

177 1504 314 1593 ἰαμβικὰ
343 1507 504 1601 τρίμετρα.
545 1509 587 1575 τά
609 1509 645 1576 δέ
666 1510 748 1594 μετά
777 1516 878 1576 ταῦτα
907 1502 1131 1577 άναπαιστικδι
1152 1505 1287 1592 δίμετρα
1369 1528 1373 1537 ·

176 1612 392 1700 καταληκτικὰ
436 1609 483 1691 εἰς
520 1608 728 1699 δισύλλαβον·
773 1614 858 1701 πλῆν
894 1616 949 1681 τοῦ
984 1608 1285 1693 πεντεκαιδεκάτου,

175 1716 375 1804 μονομέτρου
396 1712 498 1796 ὄντος.
522 1714 644 1801 ὁμοίως
664 1717 721 1785 καί
742 1721 799 1784 ’τοῦ
822 1711 1100 1785 ἑπτακαιδεκάτου
1119 1714 1178 1784 καί
1199 1712 1285 1782 εἶκο-
1306 1776 1309 1781 ⁴

176 1823 256 1888 στοά
278 1819 408 1909 πριάταυ
433 1814 682 1908 (άναπαιστικαί
703 1822 763 1911 γὰρ
784 1816 914 1910 βάσεις)
943 1821 999 1888 καὶ
1026 1825 1084 1887 τοῦ
1104 1814 1287 1897 τελευταίου

174 1917 415 1992 άναπαιστικοῦ
434 1923 494 2010 μέν
516 1921 608 2005 δντος
630 1921 890 2015 έφθημιμεροδς,
914 1927 1135 2014 παροιμιακοῦ
1156 1922 1209 2006 δέ,
1240 1918 1286 2001 ὥς

176 2027 336 2109 πολλάκις
358 2025 500 2117 εἴρηται,’
527 2029 729 2115 καλουμένου.
761 2026 832 2096 ἔστι
862 2029 898 2097 δέ
918 2030 974 2097 καί
991 2034 1097 2096 Ιταῦτα
1119 2030 1284 2115 πολυσχη-

173 2128 325 2218 μάτιστα.
363 2133 423 2199 ἐπὶ
452 2139 499 2221 τῷ
520 2133 606 2200 τέλει
628 2132 683 2200 δίο
706 2133 825 2200 διπλαῖ
852 2131 897 2213 ὡς
926 2131 960 2201 έν
988 2139 1059 2212 τοῖς
1081 2137 1285 2222 προφθάσιν.

174 2234 286 2305 ἰστέον
318 2234 355 2304 δὲ
385 2232 437 2305 ὅτι
468 2237 528 2316 τάς
561 2235 712 2316 ἐκθέσεις
744 2244 809 2303 τῶν
838 2230 966 2304 διπλῶν
997 2230 1052 2303 οίκ
1079 2228 1131 2303 άεί
1152 2234 1208 2303 διὰ
1228 2237 1285 2300 τοὶ

174 2333 274 2409 αὐτοῦ
295 2340 414 2429 μέτρου
436 2335 640 2431 έκφέρουσιν,
672 2335 754 2408 άλλά
786 2338 841 2408 καί
866 2333 907 2409 δι)
931 2338 1055 2431 ἑτέρου·
1083 2338 1153 2409 ἔστι
1172 2340 1206 2406 δ’
1230 2334 1284 2408 ὅτε

174 2443 231 2512 καί
252 2444 307 2511 διά
331 2439 511 2533 διαφόρων,
535 2442 581 2524 εἰς
602 2437 797 2534 κάνταῦάαβ

263 2556 805 2631 τιυ-οου...,..’.

263 2690 460 2752 804-813.
507 2682 685 2772 βΚοριονίς
717 2682 773 2751 καί
805 2679 955 2764 εἶ’σθεσις
989 2691 1087 2774 χοροῦ
1121 2681 1284 2772 μεσῳδικὴ

173 2786 286 2871 κοίλαν
300 2783 475 2876 1διαφόρων
496 2785 582 2856 δέκα.
605 2783 725 2855 τούτων
746 2786 784 2856 τὸ
806 2787 867 2874 μέν
889 2794 1021 2876 πρῶτον
1037 2785 1186 2874 δίμετρον
1200 2779 1284 2853 άντι-

173 2889 356 2959 σπαστικὸν
378 2890 414 2958 έκ
438 2888 622 2979 διτροχαίου
646 2893 702 2959 καί
724 2890 993 2978 παλιμβακχείου.
1021 2891 1059 2959 τὸ
1080 2890 1226 2977 δεάτερον
1248 2889 1285 2971 ἐξ

172 2989 398 3062 άντισπάστυυ
417 2993 474 3062 καί
493 2995 727 3085 άμφιβράχεος.
756 2997 796 3064 τὸ
818 2992 927 3085 τρίτον
942 2996 979 3078 ἐξ
991 2992 1158 3083 ἐπιτρίτου
1172 2990 1284 3081 τρίτου

176 3096 253 3166 3καὶ
276 3095 394 3185 ἰάμβου
418 3097 565 3189 δίμετρον
578 3094 887 3189 βραχυκατάληκτον.
909 3094 947 3167 τδ
962 3098 1115 3188 τέταρτον
1133 3095 1283 3185 δίμετρον

171 3202 209 3270 ἐκ
232 3200 414 3290 διτροχαίου
435 3202 491 3271 καί
510 3196 742 3294 άμφιβράχεος.
764 3204 802 3272 τὸ
826 3203 979 3288 πέμπτον
999 3201 1167 3293 τροχοϊκὸν
1189 3198 1282 3287 δίμε-

170 3331 247 3395 τρον
270 3298 506 3396 άκατάληκτον,
527 3300 709 3398 άδιαφόρου
730 3313 787 3396 τῆς
807 3305 991 3387 τελευταίας
1005 3303 1109 3399 οἰίσης.
1136 3305 1175 3374 τὸ
1190 3304 1283 3373 έκτον
1438 3375 1441 3382 ,

171 3553 214 3607 est
232 3551 289 3605 κατ’
310 3547 438 3629 ἐνόπλιος
456 3548 557 3618 (Dfibn.
575 3550 717 3621 ἐνόπλιον)
742 3551 756 3606 ὁ
773 3551 845 3623 μετὰ
864 3549 1089 3610 δάυδακτύλους
1105 3551 1176 3620 ἔχων
1194 3565 1280 3604 σπον-

172 3640 251 3693 δεῖον
268 3635 385 3690 κατὰτὸ
405 3635 491 3690 πάλιν
514 3640 560 3690 καὶ
577 3635 676 3704 πάλιν,
710 3632 772 3692 οἷον
796 3637 858 3703 ,,ὡ“ς
876 3634 953 3710 φάτο
978 3639 1153 3711 δακρυχέων,
1183 3641 1234 3689 τοῦ
1254 3637 1278 3689 δ’

173 3723 251 3777 ἔκλυε
269 3720 372 3779 πότνια
390 3720 506 3796 μήτηρ.“
541 3726 651 3793 λέγοιτο
672 3725 695 3777 δ
718 3723 1072 3788 δνῖσωςκιιέένόπλιον,
1092 3722 1190 3777 διὰτὸ
1209 3725 1275 3799 πρέ·

170 3827 240 3865 mcv
254 3808 307 3879 μὲν
323 3807 434 3883 ῥυθμὸν
451 3813 578 3864 τοιοῦτον
594 3813 641 3863 καὶ
660 3817 719 3870 τοῖς
737 3809 833 3870 άλλοις
850 3815 1025 3883 κινουμένοις
1041 3808 1110 3881 μετὰ
1125 3814 1280 3883 συντονίας,

170 3895 218 3949 ἐπὶ
236 3897 320 3948 πλέον
338 3895 369 3948 δὲ
387 3901 445 3954 τοῖς
461 3895 525 3965 μεθ’
546 3894 643 3949 ὅπλων
661 3901 770 3967 σεμνῶς
790 3896 902 3964 πηδῶσι
917 3900 964 3950 καὶ
982 3898 1185 3969 πυρριχίζουσι.
1212 3909 1279 3964 quae

171 3980 336 4050 transcripta
354 3983 419 4036 sunt
436 3996 468 4035 ex
483 3981 625 4037 Eustathio
642 3999 669 4052 p.
683 3984 759 4047 1899,
781 3982 921 4040 62.1)ind.

260 4082 275 4135 l
294 4081 458 4155 διτροχαίοο
471 4081 610 4138 Emestius
618 4092 635 4148 ,’
646 4089 784 4155 τροχαίου
796 4081 858 4138 Αλδ.
928 4086 947 4140 2
961 4080 1119 4155 χοριάμβου
1131 4078 1279 4144 ErnestiuS,

171 4168 335 4241 διτροχαίου
353 4165 414 4221 Ald.
450 4167 516 4237 Reg.
538 4169 568 4240 έκ
586 4167 734 4241 διιάμβου,
757 4170 918 4243 χοριάμβου
936 4174 982 4223 καὶ
999 4165 1140 4238 διιάμβου.
1167 4183 1227 4222 eam
1244 4164 1278 4221 ob

169 4269 277 4309 causam
294 4253 357 4308 fort.
375 4252 406 4306 τὸ
424 4253 502 4310 ἕκτον
515 4286 547 4297 -
562 4257 592 4310 ἐκ
610 4254 684 4327 (δύο)
702 4255 844 4327 διιάμβων
861 4259 908 4313 καὶ
977 4258 995 4313 3
1014 4257 1062 4308 καὶ
1080 4253 1182 4326 ἰάμβου
1201 4253 1278 4309 addi-

168 4339 212 4396 dit
229 4340 407 4399 normannus.
