3134 4984
623 323 730 379 Scholia
747 323 776 379 in
794 341 883 380 ranas.
1277 322 1312 376 69

201 480 243 547 τοὶ
265 478 298 548 δ’
321 479 445 566 έβδομα
467 480 621 571 τροχαῖκόι
645 476 853 570 ἓφθημιμερῆ
875 472 1077 569 Εὐριπίδεια.
1121 481 1312 567 μετροῦνται

200 583 312 669 μέντοι
335 585 391 651 καὶ
409 584 490 651 κατὰ
509 584 566 651 δύο
588 584 799 664 δακτυλικοδς
820 580 1013 671 ἑξαμέτρους
1034 582 1088 650 καὶ
1110 582 1167 650 ένα
1189 580 1310 648 πεντό-

200 713 316 774 μετρον
336 688 391 754 καὶ
415 687 471 755 ένα
492 687 661 775 τροχαϊκὸν
681 685 832 776 δίμετρον
852 683 1112 777 καταληκτικόνῆ]

289 817 485 877 830-874.
532 800 590 874 οόκ
613 805 651 872 δὶν
672 805 834 896 μεθείηνε
858 807 1048 896 ῆΓρόφεται
1067 808 1122 874 καὶ
1143 805 1309 896 μεθείμην.

202 910 336 1000 κορωνὶς
360 910 396 978 δὲ
417 899 579 979 εἰσιόντων
600 914 665 978 τῶν
685 908 876 998 ὑποκριτῶν.
918 908 949 977 οὶ
971 911 1007 978 δέ
1034 909 1138 994 στίχοι
1160 907 1311 997 ὶαμβικοὶ

201 1013 363 1104 τρίμετροι
384 1011 603 1105 ἅκατόληκτοι
624 1040 664 1099 με
673 1011 691 1082 ’.
720 1008 763 1081 ὧν
787 1018 968 1093 τελευταῖος

409 1136 489 1207 ὑμεῖς
510 1137 540 1189 δὲ
557 1142 617 1194 ταῖς
634 1133 766 1195 Μούσαις
784 1156 811 1189 τι
829 1139 911 1208 μέλος
929 1133 1057 1206 ἔπᾴσατε.

202 1236 260 1305 ἐπὶ
293 1242 338 1325 τῷ
367 1236 453 1305 τέλει
475 1235 636 1326 κορωνίςῆ

290 1366 484 1426 875-894.
531 1357 638 1445 {Aeac
660 1356 772 1424 έννέαε
800 1358 947 1444 Κορωνὶς
970 1356 1026 1424 καὶ
1048 1352 1198 1438 είσθεσις
1219 1359 1310 1449 ἐπιμ-

201 1460 273 1550 δικῆ
303 1463 357 1528 διὰ
383 1462 421 1528 τὸ
444 1461 525 1546 μετὰ
544 1462 599 1549 τῆν
621 1459 781 1550 κορωνίδα
811 1458 990 1544 τίθεσθαι,
1030 1461 1066 1528 ἐκ
1093 1456 1202 1527 κώλων
1230 1458 1308 1528 ἅνα-

200 1572 385 1631 παιστικιῦν
417 1564 475 1648 μὲν
506 1564 662 1652 διμέτρων
689 1561 923 1653 ἓφθημιμεριῦν
953 1566 1034 1632 κατὰ
1063 1563 1121 1644 τὰς
1155 1565 1310 1654 περιττὰς

197 1662 319 1755 χαίρας,
341 1667 423 1734 κατὰ
446 1668 563 1747 δὲτὰς
586 1661 700 1756 υὶρτίας
722 1663 985 1736 όντισπαστικῶν
1006 1665 1161 1758 ἡμιολίων
1182 1667 1218 1750 ἐξ
1238 1668 1310 1735 ἐπι-

198 1769 307 1857 τρίτου
332 1771 498 1858 τετάρτου,
533 1770 627 1861 ῆκαὶ
650 1770 927 1856 πεντασυλλοίβου,
969 1772 1054 1862 πλῆν
1077 1779 1134 1838 τοῦ
1160 1795 1309 1859 τρισκαι-

199 1870 334 1941 δεκάτου
357 1872 514 1961 ὶαμβικοό
542 1881 692 1965 καθαροῦ
717 1871 811 1954 όντος
838 1872 1096 1965 ἓηιθημιμεροός·
1128 1870 1180 1964 ἐφ’
1202 1867 1230 1965 ᾦ
1252 1900 1309 1943 κο-

199 1976 302 2065 ρωνίς.
345 1975 417 2068 ἑξῆς
446 1978 482 2046 δέ
512 1975 656 2068 σύστημα
684 1981 767 2046 κατὰ
793 1980 974 2069 περικοπὴν
995 1973 1174 2065 ἆμοιβαῖον.
1219 1979 1251 2048 οὶ
1274 1980 1310 2048 δὲ

200 2078 305 2163 στίχοι
328 2079 476 2167 ἰαμβικοὶ
497 2081 661 2171 τρίμετροι
694 2079 912 2171 όκατόληκτοι
933 2084 1027 2150 δέκα·
1058 2076 1101 2150 ὧν
1127 2086 1310 2164 τελευταῖος

408 2205 500 2277 ὀρθῶς
517 2205 547 2276 μ’
566 2206 705 2275 ἐλέγχειν,
724 2194 764 2260 ὧν
783 2203 820 2259 δν
838 2204 973 2277 ἅπτωμαι
993 2202 1093 2275 λόγων.

198 2300 258 2372 ἐπὶ
280 2310 326 2393 τῷ
347 2304 433 2371 τέλει
463 2300 705 2395 παροίχραςοοςῆ]

287 2433 483 2494 895-904.
531 2425 612 2513 [καὶ
641 2426 702 2515 μὴν
729 2425 851 2516 ῆμεῖςε
888 2425 1037 2514 Κορωνὶς
1075 2426 1131 2493 καὶ
1161 2423 1310 2505 είσθεσις

196 2534 293 2615 χοροῦ
316 2525 500 2618 προῳδικῆ,
525 2528 576 2596 ότι
598 2527 799 2616 προτίθεται
821 2538 880 2620 τῆς
901 2533 1032 2619 διπλῆς,
1054 2528 1089 2596 ἐκ
1110 2529 1220 2597 κώλων
1234 2556 1309 2617 τρο-

195 2636 318 2715 χαϊκῶν
339 2632 400 2699 ιδ’·
432 2625 476 2699 ὦν
498 2633 539 2699 τὰ
561 2632 619 2717 μέν
641 2632 687 2713 α’,
716 2632 762 2719 β’,
794 2634 834 2717 ε’,
862 2630 905 2716 ς’,
936 2629 980 2723 η’,
1013 2633 1065 2716 θ’,
1094 2629 1154 2716 ια’,
1175 2632 1237 2718 ιβ’,
1259 2629 1308 2700 ιδ’

198 2734 334 2823 δίμετρα
364 2727 584 2825 οὶκατόληκτα,
623 2736 663 2803 τὰ
702 2733 733 2804 δ’
763 2734 846 2804 δι’λλα
881 2734 1102 2826 ἑφθημιμερῆ,
1139 2735 1224 2824 πλὴν
1251 2744 1309 2802 τοῦ

197 2839 435 2925 παρατελεύτου
456 2839 657 2926 μονομέτρου
679 2832 901 2930 όκαταλῆκτου
928 2837 1028 2919 όντος.
1073 2839 1132 2906 ἐπὶ
1153 2845 1200 2927 τῷ
1224 2837 1309 2905 τέλει

196 2940 360 3030 κορωνίς.]]

286 3069 485 3131 905-970.
532 3060 624 3150 W?
648 3062 693 3142 ὡς
713 3059 872 3147 τόχισταε
894 3060 1056 3142 Είσθεσις
1077 3065 1196 3152 διπλῆς
1213 3055 1310 3147 ἄμοι-

196 3164 295 3252 βαίας
324 3166 361 3233 ἐκ
391 3164 508 3249 στίχων
538 3165 699 3252 ὶαμβικῶν
719 3166 984 3235 Ἶππωνακτείων
1006 3167 1228 3257 τετραμέτρων
1249 3192 1309 3234 κα-

178 3272 396 3361 ,ταληκτικῶν
417 3267 483 3353 ξς’·
511 3262 555 3338 ὦν
578 3274 761 3351 τελευταῖος

371 3398 516 3448 πέπτωκεν
534 3394 585 3456 ἔξω
601 3399 658 3447 τῶν
677 3400 781 3459 κακῶν,
801 3394 834 3447 οὐ
855 3399 941 3458 Χῖος,
961 3395 1030 3447 ἀλλὰ
1046 3400 1125 3454 Kios.

197 3494 256 3563 ἐπὶ
278 3500 324 3584 τῷ
346 3493 430 3562 τέλει
451 3497 552 3584 διπλῆ
574 3493 637 3576 ἔξω
658 3498 848 3584 νενευκυῖαῆ

288 3602 485 3683 97'1-991.
533 3619 667 3681 τοιαῦτα
697 3614 807 3698 μέντοι
826 3607 883 3701 ’χώ
905 3618 1067 3702 φρονεῖνι
1106 3609 1309 3701 1ΓΕκθεσις

196 3724 255 3806 τῆς
276 3719 395 3806 διπλῆς
423 3714 472 3796 εὶς
489 3714 546 3784 δίο
569 3717 743 3804 περιόδους
772 3715 958 3807 διῃρημένη,
989 3716 1034 3783 ’έκ
1064 3712 1174 3783 κοίλων
1196 3716 1308 3802 ἰαμβι-

198 3827 263 3887 κῶν
293 3821 450 3908 διμέτριυν
481 3813 710 3910 υἷκαταλῆκτων
732 3817 797 3886 κα’.
844 3818 909 3887 εὶσὶ
939 3818 975 3887 δὲ
1003 3826 1061 3908 τῆς
1090 3819 1148 3903 μέν
1166 3819 1309 3909 ,πρώτης

198 3922 352 4012 περιόδου
373 3926 461 3990 κῶλα
481 3925 531 4006 θ’,
553 3932 610 4013 τῆς
632 3924 680 3992 δὲ·
690 3924 839 4012 δευτέρας
861 3926 948 3991 κῶλα
969 3922 1172 3990 δυοκαίδεκα.
1207 3914 1246 4012 ἧς
1267 3922 1308 3988 τδι

197 4027 241 4118 η’,
263 4023 319 4113 ια’,
344 4024 394 4113 ιβ’
423 4024 640 4117 καταληκτικά
662 4026 753 4096 εἰσιν.
798 4027 857 4094 έπὶ
878 4032 924 4115 τῷ
951 4026 1036 4093 τέλει
1059 4031 1116 4114 τῆς
1137 4024 1196 4110 μὲν
1217 4024 1308 4111 πριό·

196 4158 254 4222 της
274 4131 429 4218 περιόδου
451 4128 684 4222 παροίχραφος,
721 4138 779 4221 τῆς
800 4133 836 4199 δέ
863 4129 1014 4217 δευτέρας
1039 4125 1096 4197 δύο
1117 4130 1253 4211 διπλαῖ,
1288 4126 1307 4217 ῆ

288 4345 301 4401 l
321 4349 443 4405 εἴσθεσις
