3134 4984
568 320 572 332 '
609 315 717 375 Scholia
732 315 761 371 in
779 332 867 372 ranas.
1261 319 1297 375 63

278 479 473 540 251-256.
521 470 631 560 ῆτουτὶ
653 465 731 560 παρ’
752 469 865 557 δμιὸνε
891 468 938 536 Ἡ
955 464 1115 558 ἀμοιβαῖα
1141 470 1221 564 αὕτη
1243 471 1298 542 έκ-

189 580 286 655 δεσις
314 582 379 642 τῶν
407 578 511 661 μελῶν
538 575 626 664 τρισὶ
655 577 828 664 διαιρεῖται
858 570 1040 663 περιόδοις·
1076 575 1130 642 καί
1156 574 1222 644 εἶσί
1239 584 1300 669 τῆς

189 679 248 764 μὲν
274 676 408 769 πρώτης
429 676 584 768 περιόδου
608 680 697 745 κῶλα
718 679 832 746 πέντε·
854 671 897 746 ὧν
916 678 955 747 τό
976 678 1035 764 μέν
1056 686 1188 767 πρῶτον
1208 680 1298 766 δίμε-

188 809 265 872 τρον
288 776 508 873 ἀκατάληκτον
532 783 679 871 καθαρὸν
701 779 866 867 ίαμβικόν.
901 782 939 848 τδ
961 781 1108 871 δεύτερον
1129 786 1298 873 τρσχαῖκδν

189 885 338 976 δίμετρον
367 884 491 973 ὅμοιον.
534 887 574 954 τὸ
595 884 704 974 τρίτον
721 885 837 972 ὅμοιον
862 893 919 953 τοῦ
951 887 1098 976 δευτέρου
1128 887 1297 977 τρίβραχευ

188 989 315 1074 &mog
347 989 368 1080 ἢ
396 996 531 1080 χορεῖον.
573 991 613 1058 τὸ
647 990 801 1079 τέταρτον
841 988 953 1075 ὅμοιον
986 986 1215 1081 ἑφδῆμιμερές.
1257 995 1297 1061 τδ

187 1096 368 1163 τελευταῖον
388 1096 512 1183 δῆλον.]]

277 1206 473 1268 257-262.
519 1193 694 1284 [[οἶμυίζετ’,
714 1195 751 1265 οὐ
769 1196 830 1286 γάρ
851 1222 910 1283 μοι
929 1196 1042 1282 μέλας
1067 1204 1135 1289 Τῆς
1148 1199 1299 1289 δευτέρας

187 1296 343 1390 περιόδου
371 1301 413 1367 τὰ
444 1303 532 1368 κῶλα
566 1297 688 1387 ὁμοίως
720 1300 820 1369 πέντε
851 1306 923 1382 τοῖς
952 1298 1021 1369 ἀνω
1052 1300 1130 1370 καθ’
1160 1302 1297 1372 ἕκαστον

187 1402 309 1491 δμοίως
338 1402 467 1488 έχοντα,
504 1401 522 1473 ό
551 1403 662 1489 μέντοι
696 1410 828 1493 πρῶτος
862 1409 920 1472 τοῦ
945 1403 1055 1493 τρίτου
1085 1405 1188 1474 κοίλου
1215 1408 1299 1488 ποὺς
1373 1461 1375 1463 >

186 1504 359 1597 τριβραχός
382 1506 483 1597 ἒστιῆ
854 1552 859 1560 ·

277 1620 474 1680 263—268.
521 1608 587 1699 [[σύ
618 1610 794 1701 νικῆσετεε
834 1617 902 1701 Τῆς
937 1610 1047 1703 τρίτης
1075 1613 1230 1702 περιόδου
1257 1614 1299 1681 τὰ

187 1717 276 1783 κῶλα
297 1707 397 1782 ὀκτώ·
432 1708 478 1781 ὧν
498 1713 617 1801 τὰμὲν
639 1714 737 1783 πέντε
763 1713 863 1799 ὅμοια
883 1711 1016 1796 πόντιος
1033 1721 1103 1796 τοῖς
1125 1713 1190 1784 ἀνω
1212 1717 1298 1807 πλὴν

187 1825 245 1886 τοῦ
275 1814 428 1903 τετάρτου
455 1820 511 1885 τόν
538 1814 684 1907 δεύτερον
710 1814 802 1885 πόδα
828 1816 999 1907 τρίβραχυν
1023 1816 1158 1903 έῆοντος.
1201 1825 1240 1888 τὸ
1263 1820 1300 1888 δέ

188 1919 283 1990 ἕκτον
314 1920 370 1988 καί
400 1917 515 2008 όμδοον
549 1918 686 2006 ίαμβικά
721 1918 877 2009 τρίμετρα
913 1915 1125 2013 ἀκατάληκτα.
1169 1923 1208 1991 τὸ
1236 1925 1299 2012 γὰρ

188 2024 329 2110 ἕβδομον
351 2026 455 2114 δῆλον.
486 2023 545 2093 ἐπὶ
567 2032 615 2113 τῷ
636 2023 721 2092 τέλει
742 2021 905 2113 κσρωνίςῆ

278 2136 476 2196 269-315.
511 2121 563 2215 ῆά
578 2132 673 2211 παῦε,
695 2134 805 2196 παῦεε
828 2128 980 2218 Κορωνὶς
1000 2122 1160 2217 ἀμοιβαῖα
1181 2127 1299 2198 εἰσιόν-

187 2255 252 2297 των
274 2237 339 2298 τῶν
360 2229 556 2320 ὑποκριτῶν.
575 2228 607 2298 οἱ
630 2229 667 2299 δέ
689 2228 794 2315 στίχοι
824 2229 972 2318 ίαμβικοί
993 2231 1157 2324 τρίμετροι
1178 2227 1301 2301 ἀκατά-

188 2336 301 2425 ληκτοι
326 2334 416 2421 1μς’.
440 2324 483 2403 ὧν
501 2337 683 2415 τελευταῖος

400 2455 458 2511 ἀλλ’
478 2457 574 2531 ἠρεμεὶ
592 2454 745 2524 πτήξαντες
763 2455 980 2532 ἀκροασώμεθα.

187 2557 271 2643 μετὰ
289 2557 326 2625 δὲ
348 2557 405 2626 τὸν
424 2554 487 2644 μβ’
510 2562 613 2626 κῶλον
633 2555 787 2643 ἰαμβικὸν
810 2554 1032 2648 ἑφθημιμερές
1054 2556 1093 2627 τὸ
1113 2553 1231 2643 ,,αόλεῖ
1249 2585 1300 2641 τις

189 2657 325 2729 ένδον·“
350 2652 464 2729 ὃκατόι
486 2660 738 2752 παρεπιμραφῆν
761 2683 845 2750 φασι
866 2667 1018 2730 κεῖσθαι·
1041 2659 1084 2744 ὡς
1098 2664 1153 2732 καί
1168 2661 1240 2756 ἑξῆς
1258 2667 1298 2733 τδ

191 2763 366 2848 ,,διαάλιον
386 2767 595 2854 προσαυλεῐ.“
624 2763 684 2832 ἐπὶ
704 2770 752 2853 τῷ
771 2764 858 2833 τέλει
880 2763 1042 2855 κορωνίς.]]

278 2878 475 2939 316-323.
522 2865 634 2952 Ἴακχε
662 2861 847 2952 α”Ίακχετ
878 2865 945 2956 (Ἡ
962 2866 1110 2957 πάροδος
1135 2878 1194 2960 τῆς
1214 2864 1301 2962 ᾠδῆς

188 2968 311 3040 τούτων
333 2977 461 3059 μυστῶν
479 2980 576 3060 χοροῦ
599 2975 708 3039 κώλων
730 2971 819 3040 ἐστίν
844 2965 1108 3041 ἀντισπαστικῶν
1130 2970 1187 3042 δύο
1207 2975 1300 3060 διμέ-

189 3101 275 3166 τρων
299 3074 616 3165 βραχυκαταλήκτων.
652 3071 727 3164 ἑξῆς
749 3075 786 3143 δὲ
808 3071 931 3144 τούτων
959 3072 1104 3166 σύστημα
1126 3071 1302 3166 ἀμοιβαῖον

190 3178 227 3246 ἐκ
249 3174 376 3265 ἰάμβων
397 3179 576 3269 τριμέτρων
599 3173 829 3267 ἀκαταλήπτων
851 3179 973 3267 πέντε.)

279 3290 475 3353 324-353.
522 3276 642 3371 ῆἼακῆ
665 3275 967 3373 ὦπαλιπιμῆτοιςι
992 3279 1081 3374 Ὠιδῆ
1104 3282 1160 3352 καί
1176 3285 1300 3378 στροφὴ

189 3382 300 3454 κοίλων
322 3382 389 3454 ιδ’·
426 3379 471 3453 ὦν
500 3387 539 3455 τὸ
561 3389 691 3475 πρῶτον
719 3377 975 3455 ἀντισπαστικδν
1003 3384 1153 3476 δίμετρον
1175 3385 1301 3457 ἀκατά-

189 3492 319 3580 ληκτον·
349 3482 368 3559 δ
390 3492 538 3558 καλεῖται
559 3484 761 3557 Γλυκιόνειον.
790 3488 829 3557 τὸ
857 3485 999 3580 δείπερσν
1027 3490 1178 3580 δίμετρον
1200 3518 1301 3561 κατα-

189 3595 357 3682 ληκτικόν,
388 3591 409 3685 ῆ
431 3591 468 3675 ἒξ
485 3589 711 3662 ἀντισπάστου
731 3592 789 3660 καί
808 3590 968 3679 βακχείου.
999 3592 1038 3662 τὸ
1059 3593 1167 3685 τρίτον
1187 3593 1301 3682 ὅμοιον

188 3694 395 3786 ὁποτερῳοῢν
422 3699 487 3764 τῶν
516 3695 612 3786 έντῆ
632 3691 777 3785 παρόδῳ.
812 3695 852 3764 τὸ
877 3696 1029 3785 τέταρτον
1057 3696 1094 3764 έκ
1118 3695 1302 3786 διτροχαίου

189 3794 449 3867 ἀντισπαστικοῦ
470 3799 525 3867 καὶ
553 3796 721 3885 βακχείαν,
746 3795 937 3883 Ἅλκαϊκόν,
968 3797 1066 3891 φασί,
1097 3796 1301 3884 καλούμενον.

189 3900 229 3968 τὸ
249 3901 404 3987 πέμπτον
422 3896 560 3971 Ἰωνικδν
580 3900 731 3992 δίμετρον
751 3895 973 3995 ἀκατάλῆκτον
986 3898 1211 3989 ἀνακλώμενα
1225 3900 1301 3970 καθ’

185 4001 415 4094 Ἡφαιστίωνα
444 4001 654 4092 καλούμενον,
693 3997 762 4072 ἀντ’
788 4003 934 4090 Ἰωνικῶν
959 4004 1093 4075 παίωνα
1110 4003 1220 4095 τρίτον
1245 4006 1303 4076 καὶ

191 4318 215 4374 Β
280 4234 295 4288 1
312 4254 355 4306 μς
365 4232 378 4290 ‘.
390 4234 460 4305 Reg.
475 4233 539 4306 με’,
558 4232 630 4305 quod
645 4234 747 4290 recenti
764 4250 846 4291 manu
862 4236 891 4291 in
901 4255 941 4307 μη
954 4236 1098 4304 mutatum,
1116 4232 1222 4301 Ποίας
1239 4232 1301 4290 fort,

215 4334 259 4391 eg.
277 4321 317 4393 μζ
321 4319 338 4374 ’.
