3134 4984
552 390 622 445 62
1407 383 1622 440 Scholia
1653 384 1711 439 in
1743 400 1921 441 ranas,

551 549 668 614 τοῦ
706 543 780 612 δὲ
827 543 1126 630 δευτέρου
1166 538 1448 609 Ἰωνικοῦ
1485 540 1623 610 ἀπὸ
1660 539 1980 626 μείζονος,
2023 544 2137 608 τοῦ
2178 540 2252 609 δὲ
2280 538 2495 629 τρίτου
2539 541 2767 629 διιάμ-

551 656 687 735 βου.
759 646 836 716 τὸ
884 643 1110 714 ἔνατον
1152 644 1575 735 χοριαμβικὸν
1622 642 1915 733 δίμετρον
1968 637 2422 734 άκατάληκτον.
2495 645 2574 712 τὸ
2620 642 2768 736 ἑῆς

550 750 794 837 ὅμοιον.
864 749 941 818 τὸ
986 748 1461 836 παρατέλευτον
1502 747 1840 837 τρίμετρον
1881 741 2315 837 άκατάληκτον
2329 773 2344 786 ·
2396 741 2436 816 ὃ
2474 750 2765 817 καλεῖται

560 860 583 899 ²
606 849 1091 944 προσωδιακόν,
1131 851 1242 920 διὰ
1294 852 1371 921 τὸ
1410 851 1527 919 τὸν
1569 857 1834 939 πρῶτον
1887 851 2051 936 &ew
2095 847 2276 920 πόδα
2313 851 2581 920 Ἰωνικὸν
2620 845 2763 923 άπὸ

549 956 859 1045 μείζονος.
959 956 1035 1025 τὸ
1104 958 1466 1024 τελευταῖον
1534 953 1622 1036 ὦς
1693 956 1771 1024 τὸ
1852 964 2128 1045 πρῶτον.
2240 956 2360 1025 ἐπὶ
2429 960 2523 1044 τῷ
2591 956 2763 1024 τέλει

551 1059 872 1151 κορωνίς.]]

726 1173 953 1232 220-
974 1173 1120 1232 227.
1211 1156 1528 1253 [[Ἐφεξῆς
1584 1162 1657 1230 δὲ
1700 1161 1987 1252 σύστημα
2048 1163 2161 1231 καὶ
2214 1161 2529 1252 περίοδος
2569 1156 2763 1249 οἶμοι-

543 1267 706 1355 βαία
748 1264 1124 1348 ἓπτάκωλος
1182 1264 1504 1353 ἶαμβικῶν
1546 1267 1860 1354 διμέτρων
1904 1263 2386 1357 ἀκαταλήκτων,
2436 1267 2605 1357 πλὴν
2646 1273 2766 1335 τοῦ

554 1367 796 1455 κώλου,
876 1361 929 1459 ᾧ
991 1371 1323 1459 κέχρηνται
1379 1366 1468 1449 ὥς
1533 1367 1826 1460 ἐφυμνίῳ
1888 1368 2119 1456 ὁμοίου
2182 1377 2280 1459 τῷ
2339 1367 2582 1459 πρώτῳ
2642 1376 2766 1438 τοῦ

544 1475 777 1563 μέλους
815 1469 1042 1544 αὐτῶν.
1102 1473 1220 1542 ἐπὶ
1263 1480 1355 1562 τῷ
1397 1472 1569 1542 τέλει
1615 1470 2101 1564 παράγραφος.]]
2698 1492 2710 1500 ’

724 1586 1113 1647 228—235.
1207 1574 1572 1666 [[εἶκότωςε
1627 1574 1950 1658 Εἴσθεσις
1997 1577 2230 1663 μέλους
2283 1574 2502 1667 ἑτέρου
2559 1603 2761 1665 μονο-

545 1688 903 1773 στροφικοῦ
943 1679 1013 1750 ἐκ
1053 1677 1275 1749 κώλων
1320 1680 1649 1770 διαφόρων
1698 1673 1924 1750 ‘chuni
1969 1674 2059 1748 ὧν
2087 1680 2164 1749 τὸ
2194 1686 2457 1771 πρῶτον
2502 1687 2764 1772 τροχαῖ-

545 1787 657 1856 κὸν
692 1784 1034 1875 τρίμετρον
1075 1782 1691 1876 βραχυιιατάληκτον.
1777 1786 1854 1852 τὸ
1899 1781 2187 1875 δεύτερον
2223 1783 2497 1855 Ἰωνικὸν
2536 1783 2762 1874 τρίμε-

541 1915 695 1980 τρον
753 1882 1192 1979 άκατάληκτον
1209 1942 1227 1973 ,
1300 1894 1417 1957 τοῦ
1477 1884 1738 1978 πρώτου
1813 1890 2026 1970 ποδὸς
2079 1887 2370 1969 παίωνος
2431 1885 2759 1978 τετάρτου,

541 1999 673 2060 τῶν
741 1991 814 2060 δὲ
874 1988 1020 2082 ἑξῆς
1083 1990 1476 2081 διτροχαίων.
1554 1990 1633 2059 τὸ
1696 1989 1915 2080 τρίτον
1974 1992 2394 2082 χοριαμβικὸν
2461 1990 2764 2080 δίμετρον

540 2095 1135 2184 βραχυκατάληκτον
1171 2094 1241 2162 ἐκ
1287 2091 1575 2174 παίωνος
1601 2090 1910 2183 τετάρτου
1938 2095 2047 2163 καὶ
2079 2099 2417 2186 τροχαϊκῆς
2445 2093 2762 2182 συζυγίας.

539 2198 615 2269 τὸ
661 2198 966 2287 τέταρτον
1001 2196 1299 2287 δίμετρον
1344 2194 1785 2288 ἆκατάληκτον
1840 2198 1913 2269 ἐκ
1954 2198 2248 2280 παίωνος
2285 2194 2597 2288 τετάρτου
2645 2200 2762 2266 καὶ

496 2344 500 2354 ·
539 2301 922 2393 διτροχαίου.
991 2300 1068 2371 τὸ
1126 2302 1432 2386 πέμπτον
1475 2302 1900 2390 χοριαμβικὸν
1952 2301 2255 2392 δίμετρον
2312 2299 2761 2392 ὖπερκατάλη-

540 2432 695 2475 κτον
733 2405 806 2474 ἐκ
851 2402 1147 2486 παίωνος
1189 2401 1497 2493 τετάρτου
1539 2405 1650 2473 καὶ
1694 2404 2011 2493 ἶαμβικῶν
2038 2409 2341 2495 συζυγιῶν
2369 2404 2512 2497 ἤτοι
2541 2402 2761 2490 διιάμ-

537 2518 693 2598 βων.
761 2508 836 2579 τὸ
883 2509 1070 2577 ἕκτον
1114 2506 1432 2599 δίμετρον)
1468 2506 1940 2599 ἆκατάληκτον,
2014 2507 2156 2594 {figor
2198 2509 2395 2600 ἄμφω
2445 2509 2539 2577 τα)
2585 2505 2760 2579 πόδε

536 2608 966 2699 ἑξασυλλάβω.
1024 2613 1101 2681 τὸ
1149 2612 1428 2700 ἕβδομον
1472 2610 1775 2700 ἰαμβικὸν
1818 2612 2121 2702 δίμετρον
2163 2607 2616 2704 άκατάληκτον.
2674 2613 2756 2682 τὸ

536 2721 903 2788 τελευταῖον
947 2719 1155 2808 δῆλον.
1213 2717 1331 2785 ἐπὶ
1373 2723 1472 2811 τῷ
1509 2716 1679 2786 τέλει
1723 2714 2049 2808 κορωνίς.]]

717 2829 842 2890 236
867 2862 939 2872 -
964 2830 1110 2890 240.
1201 2818 1369 2908 [[Ἔν
1412 2819 1711 2890 εἶσθέσει
1754 2822 1826 2890 δὲ
1871 2824 2047 2889 κῶλα
2090 2821 2312 2891 πέντε·
2350 2815 2441 2890 ὦν
2476 2820 2560 2888 τὰ
2603 2818 2757 2909 τρία

536 2924 821 3013 ἶαμβικὰ·
858 2922 1126 3014 δίμετρα
1161 2917 1569 3017 α’κατάληκτα
1583 2980 1599 3008 ,
1643 2925 1721 2995 τὸ
1755 2925 2061 3017 τέταρτον
2090 2928 2295 3018 δῆλον.
2337 2925 2414 2996 τὸ
2447 2924 2758 3010 πέμπτον

531 3029 954 3119 χοριαμβικὸν
994 3026 1333 3118 τρίμετρον
1374 3027 1447 3112 ἐξ
1486 3028 1838 3119 ἐπιτρίτων
1874 3027 2529 3120 βραχυκατάληκτον.ᾙ

709 3142 832 3201 241
852 3173 934 3184 -
953 3141 1101 3202 250.
1194 3135 1489 3220 [[μᾶλλον
1532 3133 1654 3220 μὲν
1691 3127 1800 3202 οὖν
1832 3159 1851 3203 2
1894 3131 2218 3214 Εἴσθεσις
2262 3133 2496 3220 μέλους
2532 3128 2756 3221 ἑτέρου

533 3242 1044 3327 μονοστροφικοῦ
1098 3236 1172 3304 ἐκ
1235 3236 1454 3306 κώλων
1505 3236 1837 3327 διαφόρων
1887 3237 2085 3307 3δέκα
2101 3260 2117 3277 ·
2190 3231 2281 3305 ὧν
2355 3237 2432 3308 τὸ
2474 3240 2755 3325 ξπρῶτον

529 3341 954 3431 χοριαμβικὸν
1021 3339 1360 3430 τρίμετρον
1427 3339 1502 3423 ἐξ
1563 3341 1912 3432 ἐπιτρίτων
1969 3341 2085 3410 καὶ
2143 3348 2459 3433 κρητικοῦ.
2544 3341 2622 3409 τὸ
2671 3335 2751 3426 β’

532 3445 872 3534 τροχαΐκὸν
915 3442 1215 3533 δίμετρον
1249 3439 1702 3536 ἆκατάληκτον.
1781 3447 1858 3516 τὸ
1903 3444 2118 3536 τρίτον
2151 3445 2373 3532 ὅμοιον
2391 3500 2407 3531 ,
2460 3451 2576 3514 τοῦ
2617 3441 2750 3532 τρί-

531 3573 647 3617 του
691 3550 904 3629 ποδὸς
945 3543 1321 3639 τριβράχεος
1365 3546 1700 3641 ἢχορείου.
1736 3549 1814 3619 τὸ
1842 3550 2147 3640 τέταρτον
2179 3548 2406 3637 ὅμοιον
2436 3545 2748 3638 καθαρόν.

528 3651 605 3722 τὸ
645 3652 953 3739 πέμπτον
985 3649 1525 3743 ἐπιχοριαμβικὸν
1554 3651 1857 3744 δίμετρον
1895 3652 2327 3745 άκατάληκτον
2354 3651 2428 3724 ἐκ
2459 3651 2750 3736 παίωνος

528 3755 835 3845 τετάρτου
878 3755 991 3824 καὶ
1027 3755 1397 3846 χοριάμβου.
1438 3758 1515 3826 τὸ
1563 3757 1749 3827 ἕκτον
1791 3757 2014 3845 ὅμοιον
2044 3754 2751 3849 σπονδειοκατάληκτον

527 3865 625 3949 τῷ
665 3860 939 3950 δευτέρῳ
980 3857 1160 3928 ποδί.
1232 3861 1310 3929 τὸ
1356 3859 1635 3948 ἕβδομον
1677 3860 1983 3949 ἰαμβικὸν
2043 3861 2344 3952 δίμετρον
2386 3859 2748 3953 ὖπερκατά-

527 3967 773 4054 ληκτον.
838 3964 924 4032 τὰ
970 3959 1116 4053 ἑξῆς
1158 3960 1275 4032 δύο
1318 3968 1412 4055 τῷ
1457 3966 1733 4055 δευτέρῳ
1776 3965 2068 4057 πέφυκεν
2121 3964 2333 4052 ὅμοια.
2406 3965 2482 4035 τὸ
2529 3969 2747 4034 τελευ-

528 4075 710 4136 ταῖον
752 4070 956 4158 δῆλον.
1014 4067 1131 4136 ἐπὶ
1174 4072 1267 4156 τῷ
1307 4067 1479 4136 τέλει
1524 4066 1851 4159 κορωνίς.]]

702 4302 735 4357 1
773 4300 937 4356 Scrib.
972 4299 1358 4374 προσοδιακὸν
1547 4300 1585 4356 2
1617 4300 1819 4371 Regius
1863 4301 1923 4356 in
1970 4299 2248 4357 duodecim
2282 4305 2428 4356 κῶλα
2465 4301 2739 4372 dispescit.

529 4387 566 4443 3
599 4384 802 4456 Regius
849 4386 1108 4443 tredecim
1156 4389 1304 4442 κῶλα
1337 4385 1485 4442 facit.
