3134 4984
273 245 325 300 lle

270 421 336 470 rem
359 420 436 467 esse.
481 399 641 486 graviores
671 402 779 467 autem
804 404 837 467 et
865 400 1094 485 frequentiores
1119 403 1171 468 bis
1192 404 1387 488 fragmentis

272 504 413 570 eiusdem
443 505 616 570 sententiae
645 505 744 570 testes
770 507 844 571 sunt
873 505 1040 591 scriptores
1070 507 1194 572 metrici
1219 507 1316 572 latini
1346 529 1388 574 ex

275 608 324 674 bis
352 608 550 693 potissimum
580 607 699 673 Marius
727 606 924 687 Victorinus,
966 608 1086 675 Atilius
1123 611 1386 691 Fortunatianus,

273 712 451 780 Diomedes.
502 712 536 777 in
564 712 659 777 Marii
690 714 797 778 autem
825 712 981 778 Victorini
1012 712 1142 778 secundi
1174 713 1250 777 libri
1280 716 1387 797 capite

274 835 355 882 nono
386 817 464 883 haec
492 815 657 902 leguntur:
695 814 766 894 „At
793 817 872 882 Iuba
898 818 1022 895 noster,
1056 816 1110 901 qni
1129 816 1213 882 inter
1234 820 1387 885 metricos

275 919 495 986 auctoritatem
517 919 636 1004 primae
657 918 841 997 eruditionis
869 919 1021 997 obtinuit,
1048 919 1198 985 insistens
1219 921 1389 987 Heliodori

274 1024 433 1108 vestigiis,
471 1023 524 1107 qui
552 1024 634 1090 inter
655 1022 793 1089 Graecos
815 1023 944 1089 huiusce
972 1026 1057 1089 artes
1086 1022 1219 1089 antistes
1241 1027 1299 1089 ant
1318 1026 1387 1109 pri-

274 1146 345 1194 mus
372 1130 427 1194 aut
449 1127 534 1194 solus
556 1128 634 1193 est“
678 1129 810 1211 apparet
836 1128 936 1212 igitur
956 1128 1017 1192 hoc
1044 1126 1131 1206 loco,
1160 1145 1238 1209 quos
1256 1129 1388 1213 potissi-

274 1249 362 1298 mum
384 1232 430 1297 rei
452 1229 601 1298 metricae
616 1230 787 1314 magistros
803 1231 925 1296 Marius
939 1229 1024 1295 Vict.
1044 1232 1171 1295 secutus
1185 1231 1237 1296 sit
1261 1234 1389 1300 exstant

273 1336 380 1402 cutem
402 1333 484 1420 apud
505 1335 626 1400 ceteros
647 1332 797 1401 metricos
828 1336 861 1399 et
889 1334 1075 1416 praesertim
1102 1334 1185 1417 apud
1205 1332 1283 1399 Atil
1307 1337 1388 1400 For-

274 1437 476 1505 tunatianum
496 1439 529 1503 et
549 1436 734 1503 Diomedem
762 1436 825 1502 loci
855 1437 1021 1521 permulti,
1060 1439 1115 1519 qui
1136 1437 1170 1502 in
1191 1437 1297 1504 verbis
1321 1438 1388 1504 dis-

274 1560 416 1621 sensum,
435 1543 469 1607 in
491 1561 525 1608 re
539 1543 645 1608 autem
660 1542 784 1607 tentum
801 1560 875 1606 cunr
887 1540 989 1608 Mario
1005 1540 1176 1606 ostendunt
1190 1559 1388 1622 consensum,

275 1647 312 1713 ut
335 1665 371 1712 ex
400 1645 510 1714 eodem
539 1645 626 1712 fonte
655 1663 857 1730 promanasse
891 1664 945 1710 eos
973 1644 1177 1711 manifestum
1213 1646 1265 1711 sit
1312 1665 1390 1711 con-

274 1750 410 1816 ferentes
444 1748 560 1815 idcirco
594 1749 676 1834 apud
707 1750 787 1814 Mar.
821 1748 1019 1814 Victorinum
1034 1779 1038 1784 ·
1054 1749 1172 1815 librum
1204 1749 1389 1832 secundum,

275 1852 358 1938 apud
372 1852 450 1920 Atil.
465 1854 551 1920 Fert
567 1852 637 1919 libr.
652 1853 685 1919 Π
699 1853 772 1918 inde
789 1872 808 1918 a
824 1872 890 1937 cap.
905 1852 981 1934 VH,
1003 1855 1036 1919 et
1051 1852 1237 1919 Diomedem
1251 1854 1324 1920 libr.
1338 1855 1391 1919 III

275 1956 347 2024 inde
368 1977 387 2023 a
410 1977 476 2043 cap.
491 1957 565 2036 XX,
597 1959 723 2025 tantum
745 1954 889 2023 videmus
910 1958 944 2022 in
964 1957 1076 2022 metris
1098 1956 1289 2041 explicandis
1311 1976 1390 2023 con·

276 2079 418 2140 sensum,
446 2064 483 2129 ut
504 2061 544 2128 ad
563 2081 662 2127 unum
682 2063 841 2128 auctorem
866 2081 1014 2146 magnam
1042 2064 1166 2145 partem
1186 2061 1302 2127 referre
1324 2081 1390 2127 non

276 2165 463 2232 dubitemus.
508 2165 563 2231 sed
585 2165 722 2232 sufficiat
742 2167 823 2231 hanc
846 2184 930 2246 rem,
955 2165 994 2230 de
1016 2184 1078 2249 que
1099 2167 1225 2249 postero
1245 2167 1389 2247 tempore

275 2269 453 2336 accuratius
475 2268 634 2354 disputare
657 2269 747 2335 nobis
768 2270 963 2352 propositum
987 2271 1052 2346 est,
1074 2270 1135 2335 hoc
1157 2268 1227 2334 loco
1250 2268 1389 2335 strictim

277 2373 450 2459 attingere,
482 2393 557 2440 nem
588 2372 649 2438 alia
669 2372 821 2439 nonnulla
845 2374 1032 2457 argumenta
1058 2373 1136 2439 satis
1158 2373 1388 2453 demonstrant,

277 2496 311 2544 re
324 2547 327 2554 A
342 2495 418 2544 vera
446 2480 553 2544 vetera
582 2476 700 2543 scholia
731 2476 902 2542 Heliodoro
941 2477 1072 2542 metrico
1108 2476 1275 2543 tribuenda
1307 2496 1388 2542 osse.

278 2581 381 2648 exstet
410 2580 493 2648 enim
527 2581 609 2665 apud
636 2581 681 2646 M.
704 2580 787 2646 Vict.
820 2580 909 2646 locus
944 2580 978 2644 in
1010 2579 1297 2664 librilcap.12‚
1330 2581 1389 2646 nbi

277 2684 428 2764 traditur,
464 2684 636 2771 dactylicos
661 2703 787 2764 versus,
817 2685 868 2750 si¹
890 2684 1064 2751 hexametri
1086 2684 1216 2750 modum
1237 2682 1389 2751 excedant

277 2809 334 2875 per
355 2788 496 2875 dipodios
519 2790 622 2869 caedi,
653 2790 686 2855 et
713 2789 878 2873 periodum
908 2788 1016 2855 decem
1037 2789 1153 2871 pedum
1174 2807 1236 2853 non
1266 2788 1388 2854 deca·

277 2895 448 2961 metrum
478 2894 532 2960 sed
561 2894 864 2978 pentametrum
885 2877 1052 2979 appellari.
1095 2891 1146 2957 cui
1168 2891 1237 2957 loco
1259 2909 1388 2975 compa-

279 2999 386 3066 rantes
417 2998 450 3064 in
472 2998 545 3064 libri
559 2998 592 3064 II
615 3017 681 3082 cap.
698 2998 746 3064 Ill
776 2997 902 3082 „igitur
932 3016 1004 3063 cum
1026 2996 1249 3080 ,anapaesticus
1278 3015 1389 3063 versus

281 3105 313 3170 ct
333 3105 455 3188 septem
477 3102 509 3168 et
524 3103 594 3169 octo
608 3102 725 3187 pedum
744 3104 933 3186 reperiatur,
955 3101 1112 3185 placuisse
1131 3088 1300 3166 maioribus
1316 3120 1390 3167 eum

280 3227 336 3292 per
351 3207 495 3292 syzygias
511 3207 616 3286 caedi,
639 3226 711 3273 non
732 3206 851 3285 alias,
875 3204 1043 3290 quamsi
1065 3204 1259 3289 dactylus
1282 3224 1389 3289 snper-

281 3309 464 3398 grederetur
485 3311 716 3391 hexametrum,
739 3311 847 3395 utique
862 3328 918 3394 per
933 3307 1078 3393 syzygias
1096 3307 1333 3388 scanderctur,“
1356 3311 1391 3375 et

281 3415 427 3510 tertium,
449 3414 502 3499 qui
523 3415 615 3499 paulo
635 3415 719 3482 infra
740 3415 880 3500 sequitur
895 3414 978 3497 (aab
1007 3432 1113 3496 „quae
1138 3411 1285 3497 periodus
1305 3412 1392 3480 circa

283 3537 337 3586 scr
359 3521 502 3586 versatur
523 3519 699 3603 dipodias,“
738 3539 897 3585 summum
919 3517 1061 3584 videmus
1081 3516 1166 3582 inter
1194 3518 1272 3583 haec
1294 3516 1393 3584 verba

281 3621 378 3691 Marii
398 3623 437 3689 V.
467 3624 499 3690 et
529 3624 647 3691 scholia
675 3626 784 3691 vetera
813 3641 1014 3700 consensum,
1052 3620 1091 3686 cf.
1122 3620 1219 3686 schol.
1239 3641 1306 3704 pac.
1329 3628 1391 3686 82:

283 3720 436 3814 περίοδος
466 3718 685 3814 decoctorem}
708 3717 1163 3810 .a'·avsoraoccproraorroirrccpog‚
1183 3724 1300 3790 schol.
1320 3744 1391 3808 pac.

286 3839 365 3911 154,
396 3839 476 3910 974,
506 3838 605 3910 13203
649 3834 746 3899 schol.
775 3832 913 3898 tharn.
939 3838 1021 3896 1143
1051 3832 1083 3895 et
1111 3829 1189 3898 alios
1218 3829 1392 3913 permultos

283 3936 379 4003 locos.
424 3935 535 4002 deinde
559 3937 641 4021 apud
663 3939 707 4005 M.
731 3937 929 4005 Victorinum
950 3935 984 4000 in
1005 3933 1125 4000 librilI
1143 3953 1209 4018 cap.
1225 3935 1274 3998 ΠΙ
1295 3934 1393 4001 verba

355 4177 371 4232 1
391 4176 564 4233 Scribendum
583 4179 673 4233 autem
691 4195 753 4253 pag.
767 4179 816 4237 71:
833 4179 863 4238 hi
881 4178 927 4252 qui
945 4178 1014 4247 epici
1032 4193 1085 4232 non
1103 4177 1167 4231 sunt
1184 4175 1260 4247 (ni)si
1276 4193 1324 4247 per
1336 4176 1394 4230 sin·

283 4264 362 4336 gulos
380 4262 462 4334 pedes
479 4264 611 4326 feriantur
